2245 3213
854 159 1136 187 PROLEGOMENA.
1746 159 1820 185 LVII

274 249 397 280 Habuit
419 249 517 290 igitur
540 249 593 290 qui
609 248 833 279 Pontificalem
858 248 978 290 primus
1004 247 1163 278 ordinavit
1187 250 1357 288 utrumque
1383 246 1607 288 episcoporum
1632 247 1820 277 laterculum

170 304 235 332 tam
267 300 410 331 Iudicem
441 310 535 341 quem
568 300 701 331 dicimus
733 311 826 341 quam
851 300 1058 330 Liberianum
1091 302 1123 330 et
1157 299 1186 329 in
1216 299 1327 340 spatiis
1362 299 1605 340 episcopatuum
1638 298 1821 329 ordinandis

170 356 306 394 utroque
330 352 376 382 uti
399 352 513 393 potuit.
552 351 706 393 Duplices
730 362 879 382 numeros
903 362 966 382 non
988 351 1115 382 videtur
1138 351 1292 393 posuisse„
1318 350 1467 392 quoniam
1493 350 1649 381 eiusmodi
1674 350 1819 391 gemina-

171 404 294 434 tionum
321 403 447 434 codices
472 403 621 444 exempla
645 403 732 433 nulla
750 402 956 444 suppeditant
975 406 1112 444 excepto
1137 413 1199 433 uno
1217 402 1273 438 Εἰ,
1299 413 1392 443 quem
1419 405 1542 432 constat
1560 412 1600 432 ex
1623 402 1819 432 csmtamina-

170 456 256 486 tione
275 465 358 486 saec.
377 455 425 485 XI
450 455 605 496 originem
624 454 761 485 trahere.
802 454 983 485 Posteriore
1000 455 1248 496 interpolatione
1267 454 1296 484 111
1322 454 1436 484 librum
1454 453 1675 484 Pontificalem
1694 453 1819 483 venisse

172 517 210 538 ea
235 517 317 548 quae
342 506 441 537 habet
465 517 505 537 ex
536 506 682 547 catalogo
707 505 879 536 Liberiano
913 505 1095 547 negandum
1130 510 1191 537 est:
1223 516 1296 536 nam
1327 506 1458 536 huiusce
1489 505 1589 536 libelli
1620 505 1729 547 paucis
1754 505 1819 535 noti

170 559 307 600 vestigia
331 558 471 589 maxime
496 558 698 600 reperiuntur
726 558 758 588 in
783 557 932 588 editionis
962 558 1075 599 prioris
1105 558 1247 599 reliquiis
1274 557 1309 587 K
1333 560 1364 588 et
1389 558 1426 588 cl.
1452 557 1513 595 ΙΙΙ,
1539 557 1655 587 adsunt
1679 557 1709 587 in
1734 557 1768 587 F
1788 560 1819 587 ct

170 610 207 640 01.
231 609 255 640 Ι.
280 609 312 640 II
337 610 373 640 iis
397 610 537 640 maxime
561 610 649 647 10015,
673 610 704 640 111
729 610 842 651 quibus
867 609 970 641 Index
995 610 1110 641 deficit.
1158 609 1252 645 Quod
1276 610 1300 639 si
1325 612 1508 650 superesset
1533 609 1681 640 editionis
1705 609 1819 650 prioris

170 661 355 703 exemplum
380 661 550 702 integrum,
576 662 642 692 sine
669 661 764 692 dubio
782 662 906 692 numeri
923 661 1088 692 Liberiani
1105 662 1135 692 in
1155 672 1192 692 eo
1218 661 1402 702 primarium
1427 661 1531 692 locum
1558 664 1720 692 tenerent:
1746 672 1818 691 eum

170 713 252 744 enim
284 713 473 743 laterculum
504 712 544 743 ad
575 713 793 743 chronicorum
827 713 961 743 formam
991 724 1092 754 prope
1126 712 1336 743 accedentem
1367 712 1611 743 fundamentum
1642 713 1747 753 operis
1772 713 1818 743 sui

169 775 240 795 esse
264 765 364 795 voluit
394 768 504 795 auctor
527 764 722 795 Pontificalis
746 765 855 806 itaque
880 765 1053 796 verisimile
1087 768 1135 795 est
1164 775 1313 795 numeros
1344 775 1471 805 quoque
1500 764 1554 794 uhi
1586 765 1730 795 laterculi
1756 764 1817 794 duo

169 816 360 847 differebant
384 816 424 847 ad
449 817 530 847 hunc
554 817 753 858 potissimum
783 827 856 847 eum
886 817 1052 847 formasse.
1100 816 1165 847 Sed
1196 819 1341 857 tempore
1375 815 1572 857 procedente
1605 826 1675 846 cum
1700 815 1818 846 Indicis

169 869 368 910 exemplaria
395 868 498 899 ubivis
528 871 711 910 prostarent
735 872 767 899 et
789 869 815 899 is
840 879 967 910 quoque
991 869 1127 899 insertus
1152 868 1393 899 collectionibus
1418 868 1623 898 conciliorum
1650 871 1681 898 et
1706 867 1817 897 decre-

169 924 272 951 torum
297 920 459 962 papalium
484 920 524 951 ad
549 921 733 951 canonicam
759 920 997 961 quodammodo
1023 920 1246 951 auctoritatem
1271 920 1483 961 pervenisset,
1516 919 1556 950 ad
1589 930 1661 950 eum
1693 923 1819 950 vetusta

172 972 394 1013 episcoporum
419 971 575 1002 ordinatio
601 972 767 1013 spatiaque
793 972 821 1002 ei
845 982 908 1002 non
932 972 1141 1012 congruentia
1165 971 1298 1002 subinde
1323 975 1445 1001 mutata
1469 974 1550 1002 sunt.

270 1032 300 1062 A
324 1032 454 1062 Liberio
472 1032 542 1071 (37)
567 1031 640 1062 inde
667 1042 738 1062 cum
762 1032 909 1073 scriptori
933 1032 1024 1062 unius
1049 1031 1271 1062 tantummodo
1296 1032 1441 1062 laterculi
1466 1032 1559 1073 copia
1583 1031 1687 1069 fuerit,
1713 1031 1817 1072 spatia

166 1085 198 1115 in
222 1084 331 1114 Indice
357 1084 521 1114 enuntiata
545 1083 660 1114 eadem
684 1083 751 1114 fere
776 1087 848 1114 sunt
872 1087 968 1125 atque
993 1083 1064 1114 libri
1089 1084 1293 1114 Pontificalis.
1342 1083 1407 1114 Sed
1432 1094 1502 1114 011111
1526 1083 1675 1113 differant
1700 1082 1817 1112 Iudicis

168 1136 366 1177 exemplaria
395 1136 574 1177 antiquiora
603 1146 621 1166 a
645 1136 878 1166 recentioribus
904 1139 935 1166 et
965 1136 1067 1177 magis
1099 1136 1270 1177 corruptis,
1296 1136 1469 1177 quaeritur,
1495 1135 1532 1166 ad
1558 1138 1644 1166 utros
1668 1145 1817 1165 numeros

167 1188 364 1218 Pontificalis
399 1188 597 1229 exemplaria
626 1198 696 1218 sese
729 1188 906 1229 applicent„
941 1188 1017 1218 item
1052 1187 1091 1218 de
1126 1188 1234 1229 paucis
1259 1188 1354 1225 locis,
1384 1187 1438 1218 ubi
1462 1187 1657 1217 Pontificalis
1681 1186 1751 1216 libri
1777 1186 1816 1216 ab

166 1239 275 1270 Indice
299 1239 468 1277 recedunt,
494 1240 657 1281 quaeritur
681 1239 757 1281 quid
781 1239 985 1270 statuendum
1010 1240 1057 1270 sit.
1106 1239 1186 1270 Inde
1211 1239 1452 1270 observationes
1478 1239 1658 1270 efficiuntur
1682 1238 1759 1269 hae:

310 1300 348 1330 K
373 1304 406 1331 et
434 1310 516 1342 quae
545 1301 576 1331 in
608 1301 667 1332 hac
697 1304 789 1342 parte
819 1311 889 1332 011111
921 1311 959 1332 ea
989 1300 1161 1332 concordat
1193 1300 1390 1331 Pontificalis
1414 1301 1452 1331 01.
1474 1299 1525 1330 ΙΙΙ
1550 1302 1725 1341 sequuntur
1749 1299 1816 1330 fere

372 1351 489 1383 Indicis
514 1363 662 1383 numeros
687 1353 891 1393 antiquiores.
931 1352 981 1382 Ita
1005 1352 1170 1394 Simplicio
1188 1354 1256 1391 (49)
1282 1362 1425 1382 mensem
1450 1351 1571 1382 nullum
1596 1351 1673 1382 dant
1696 1351 1816 1382 indices

369 1403 445 1434 boni
474 1406 552 1434 1-6
583 1408 615 1436 et
647 1405 846 1435 Pontificalis
871 1404 909 1435 cl.
937 1404 997 1441 ΙΙΙ,
1030 1415 1070 1434 m.
1094 1404 1108 1434 I
1132 1404 1253 1434 indices
1284 1403 1462 1434 deteriores
1487 1405 1568 1433 Τμὲὶ
1599 1406 1631 1433 et
1655 1404 1816 1444 epitomae

369 1455 439 1485 Fls
458 1458 490 1486 et
514 1456 550 1485 cl.
578 1456 603 1487 I.
628 1456 675 1487 II:
711 1456 844 1497 Pelagio
872 1455 885 1485 I
913 1455 981 1492 (02)
1014 1466 1031 1485 a
1060 1455 1126 1486 IIII
1157 1455 1273 1486 Indicis
1305 1455 1504 1496 exemplaria
1532 1455 1637 1485 omnia
1668 1459 1699 1485 et
1723 1455 1760 1485 K
1785 1459 1816 1485 et

369 1507 407 1536 cl.
425 1506 485 1545 ΙΙΙ,
510 1518 538 1538 a.
555 1507 600 1537 xl
627 1508 663 1538 cl.
684 1507 707 1538 I.
726 1507 775 1538 II:
800 1507 982 1538 Deusdedit
1009 1507 1078 1537 dies
1102 1507 1164 1537 XX
1191 1507 1294 1537 Index
1320 1511 1351 1538 et
1369 1507 1405 1537 K
1420 1510 1453 1537 et
1476 1507 1512 1538 01.
1533 1507 1590 1544 111,
1616 1507 1683 1537 dies
1702 1507 1814 1538 XXIII

370 1559 407 1589 cl.
433 1558 447 1588 I
472 1562 504 1589 et
530 1559 569 1589 ΙΙ.

300 1618 337 1655 Γ,
370 1619 421 1660 qui
446 1630 507 1650 non
531 1620 629 1650 hahet
653 1621 711 1650 nisi
741 1620 844 1661 spatia
869 1621 1005 1654 :Vl-*ML
1034 1619 1063 1649 in
1094 1620 1140 1649 his
1171 1630 1297 1661 quoque
1329 1621 1472 1661 sequitur
1503 1619 1618 1650 Indicis
1648 1620 1815 1660 exemplar

371 1671 500 1712 aliquod
532 1671 684 1702 deterius.
733 1671 892 1702 Notabilis
921 1674 969 1701 cst
999 1681 1171 1701 consensus
1202 1672 1363 1713 epitomae
1388 1672 1480 1702 huius
1505 1682 1575 1702 cum
1599 1671 1703 1702 indice
1729 1673 1746 1702 S
1782 1672 1813 1701 111

368 1722 478 1754 Felice
504 1722 549 1753 IV
575 1723 653 1759 (56).

311 1783 348 1813 cl.
373 1783 387 1812 Ῑ
413 1786 445 1813 et
470 1783 499 1813 11
526 1783 730 1818 concordant,
755 1786 790 1813 ut
814 1783 909 1813 modo
928 1783 1074 1814 vidimus,
1099 1783 1129 1813 111
1155 1783 1315 1813 cursu-ibus
1339 1784 1445 1821 meris7
1471 1783 1581 1824 quales
1605 1783 1814 1814 indicavimus

369 1835 399 1864 111
429 1835 563 1875 Pelagio
591 1835 601 1864 1
633 1839 665 1865 et
696 1835 890 1865 Deusdedit:
923 1835 1006 1865 unde
1043 1835 1202 1875 colligitur
1235 1846 1290 1865 eos
1321 1845 1445 1865 errores
1479 1835 1665 1865 commissos
1696 1846 1765 1865 esse
1796 1847 1812 1865 a

370 1886 523 1927 scriptore
541 1886 707 1928 archetypi
728 1887 922 1917 recensionis
944 1887 1129 1928 posterioris
1146 1887 1315 1917 ti·anslat‹.)s
1331 1886 1404 1917 inde
1427 1887 1457 1916 in
1482 1887 1616 1917 classem
1635 1890 1811 1928 utramque.

267 1953 318 1984 Ad
354 1955 593 1997 chronologiam
625 1957 848 1998 episcoporum
873 1956 1092 1986 Romanorum
1124 1955 1332 1985 ordinandam
1359 1955 1556 1986 pontificalis
1585 1955 1666 1985 liber
1696 1955 1813 1985 inutilis

165 2008 228 2043 est,
265 2006 288 2036 si
323 2008 489 2048 exceperis
523 2008 748 2049 supplementa
783 2008 824 2038 ad
853 2007 1031 2049 explendos
1061 2007 1165 2037 hiatus
1195 2007 1333 2047 catalogi
1363 2007 1524 2037 Liber-iani
1558 2007 1750 2047 pertinentia
1782 2011 1813 2037 et

164 2060 346 2097 praeterea,
379 2062 413 2089 ut
443 2063 692 2090 consentaneum
724 2062 788 2097 est,
819 2059 917 2100 partis
943 2059 1128 2100 posterioris
1153 2059 1256 2100 spatia
1282 2070 1322 2088 ex
1351 2062 1442 2100 parte
1472 2060 1538 2089 sine
1564 2058 1660 2088 dubio
1685 2069 1747 2088 non
1772 2070 1811 2088 ex

166 2108 319 2139 laterculo
345 2110 451 2151 aliquo
469 2111 498 2141 11]
516 2111 739 2141 Pontificalem
764 2111 877 2142 librum
904 2111 1067 2142 translata.
1093 2110 1149 2140 sed
1175 2111 1204 2140 in
1225 2111 1410 2141 l'ontificale
1429 2121 1542 2151 corpus
1566 2110 1606 2140 ab
1624 2110 1812 2150 aequalibus

163 2160 265 2190 relata
289 2164 321 2190 et
352 2161 425 2192 inde
451 2162 518 2193 fere
548 2162 588 2192 ad
620 2163 792 2193 laterculos
823 2162 961 2193 adiecta.
1011 2163 1043 2192 ln
1076 2163 1206 2203 reliquis
1231 2162 1270 2192 ad
1304 2163 1545 2204 episcopatuum
1577 2162 1680 2203 spatia
1705 2161 1810 2191 deter-

163 2211 313 2241 minanda
338 2212 535 2244 redeundum
562 2218 609 2244 est
639 2214 679 2244 ad
711 2214 790 2245 duos
818 2215 991 2245 laterculos
1016 2214 1209 2255 primitivosq
1240 2224 1280 2243 ex
1306 2214 1420 2254 quibus
1444 2213 1641 2243 Pontificalis
1666 2216 1811 2243 auctores

165 2265 197 2292 et
221 2262 419 2294 ordinatores
443 2264 595 2305 pendent.
642 2265 765 2306 Spretis
790 2266 930 2296 fontibus
955 2266 1134 2307 purioribus
1165 2265 1217 2306 qui
1250 2276 1290 2295 ex
1315 2265 1374 2295 hoc
1399 2265 1525 2295 turbido
1551 2265 1620 2295 lacu
1652 2264 1810 2302 hauriunt,

166 2313 225 2343 sibi
255 2314 388 2356 aliisque
420 2317 533 2347 melius
561 2317 727 2348 consulent
755 2317 952 2348 abstinentes
981 2318 1011 2348 in
1045 2317 1140 2348 rebus
1174 2317 1373 2347 saeculorum
1402 2317 1540 2358 priorum
1572 2316 1769 2357 explicandis
1793 2327 1811 2346 a

164 2365 243 2395 libro
269 2365 456 2397 Pontificali.

676 2505 965 2536 INTERVALLA
989 2504 1304 2536 EPISOOPATVS.

268 2572 514 2603 Intervallorum
541 2574 745 2615 episcopatus
769 2574 845 2604 sede
870 2575 952 2604 inter
969 2574 1134 2615 pontifices
1152 2573 1231 2603 duos
1250 2576 1383 2603 vacante
1408 2573 1493 2603 solus
1518 2573 1598 2603 liber
1622 2575 1811 2614 pontificalis

164 2633 329 2654 recensum
355 2625 514 2665 proponit7
539 2624 579 2654 ad
600 2625 740 2666 singulas
764 2626 845 2656 vitas
870 2630 1016 2656 extremo
1042 2626 1110 2655 loco
1132 2625 1288 2655 adnotans
1308 2625 1408 2666 spatia
1428 2625 1630 2666 episcopatus¹
1648 2627 1809 2657 cessantis.

164 2674 369 2705 Laterculum
394 2675 466 2705 inde
493 2675 640 2706 effectum
667 2677 787 2707 subieci
812 2678 956 2718 repetitis
980 2677 1011 2707 in
1037 2687 1074 2707 co
1101 2687 1227 2717 quoquc
1252 2676 1325 2706 inde
1349 2676 1389 2706 ab
1414 2687 1452 2707 00
1478 2680 1640 2718 tempore,
1665 2689 1726 2719 quo
1751 2679 1808 2708 ali-

165 2736 259 2766 quam
289 2727 457 2756 utilitatem
491 2727 609 2757 habere
634 2728 803 2769 incipiunt,
828 2729 938 2769 spatiis
963 2728 1186 2769 episcoporum
1212 2727 1251 2758 ad
1276 2728 1545 2769 computationem
1572 2729 1638 2759 fere
1664 2729 1808 2760 Duches-

163 2777 288 2807 nianam
312 2777 364 2818 [cf.
383 2789 411 2819 p.
429 2778 554 2818 XLII);
586 2790 658 2810 nam
688 2779 728 2810 de
752 2780 927 2810 intervallis
951 2779 1101 2810 iudicium
1127 2780 1199 2810 ferri
1224 2790 1286 2810 non
1311 2783 1418 2822 potest
1440 2781 1499 2811 nisi
1524 2781 1634 2822 spatiis
1659 2781 1808 2823 adsump-

265 2845 338 2862 LIBER
356 2845 527 2862 PONTlFiCALlS
544 2846 559 2863 1.
1589 2843 1604 2866 h
