2245 3213
385 210 497 236 CXXIV
1068 208 1350 235 PROLEGOMENA.

551 299 617 336 168,
636 309 658 327 10
682 295 850 336 exarchus]
875 296 895 325 1
916 298 944 325 et
964 295 1002 328 G.
1027 296 1191 327 eunuchus
1214 296 1257 328 II
1275 298 1303 326 ct
1318 295 1351 326 E
1359 295 1369 313 ¹
1387 306 1457 327 cum
1480 295 1601 327 Paulo:
1624 296 1706 327 *illud
1728 297 1852 328 videtur
1868 301 2035 337 praestare

549 351 614 384 168,
634 362 655 379 ιε.
680 348 865 379 beatissimo
890 358 974 389 papa
998 348 1021 379 I
1040 351 1068 378 et
1094 348 1132 386 G,
1157 358 1214 380 om.
1232 348 1273 379 II
1293 350 1321 378 ct
1344 347 1412 385 E1‚·
1435 351 1543 379 utrum
1560 351 1709 387 praestet,
1733 349 1794 380 inc.

544 402 612 439 173,
630 413 640 431 τ
665 400 740 431 fecit
763 404 871 430 autem
896 423 902 429 .
921 424 926 429 .
947 424 953 431 .
972 424 978 430 .
1005 413 1027 430 ιι
1052 398 1176 442 obtulit]
1200 399 1312 437 B2·³·⁴‚
1337 410 1394 430 om.
1412 400 1434 430 Ι
1453 402 1482 430 ct
1505 400 1566 430 III
1585 403 1672 440 (cum
1691 400 1751 441 0³)

546 454 612 486 175,
629 465 640 481 s
664 463 682 482 a
707 455 816 482 sancto
841 449 920 493 uiro]
946 451 973 482 I.
998 451 1064 489 HI,
1089 462 1107 482 a
1131 462 1227 493 supra
1251 452 1369 493 scripto
1394 452 1461 482 uiro
1486 452 1530 482 ΙΙ
1533 462 1543 489 ,·
1566 454 1674 483 utrum
1692 455 1841 492 praestet,
1866 453 1927 485 inc.

546 505 613 540 179,
632 516 653 534 1⁴
679 504 848 545 episcopus
873 507 906 534 et
929 504 1111 544 patriarcha
1128 503 1151 534 I
1162 506 1190 534 et
1211 503 1249 541 G,
1273 503 1454 545 patriarcha
1471 504 1514 534 ΙΙ
1532 506 1560 534 et
1576 504 1610 534 E
1618 504 1644 541 ¹;
1667 507 1775 535 utrum
1792 507 1948 544 praestet,
1972 505 2033 536 inc.

546 557 655 593 19:3,19
679 559 711 586 01
735 554 857 597 mense]
884 555 912 593 Ι,
937 566 995 587 om.
1020 555 1070 588 II.
1095 555 1157 587 III

542 609 613 647 208,
631 620 642 637 ε.
666 618 745 648 quas
776 607 958 649 patrimonii
990 607 1117 638 brittius
1149 610 1181 637 et
1212 607 1359 637 lucaniae
1391 617 1494 638 annue
1527 606 1748 650 persoluebat]
1772 608 1818 639 sic
1835 608 1868 646 I,
1892 619 2036 648 corrupe-

697 661 772 689 runt
795 658 868 689 libri
891 658 1005 698 reliqui

488 718 605 749 Classis
629 720 741 760 prima,
766 723 800 750 ut
824 730 896 750 cam
920 723 1142 761 repraesentat
1165 719 1270 750 codex
1298 720 1407 750 unicus
1440 720 1542 761 magis
1567 730 1662 761 quam
1688 720 1857 762 primarius
1881 720 2035 752 Lucensis

385 772 519 813 scriptus
548 772 676 802 saeculo
706 775 819 802 octavo
849 775 1004 811 exeunte,
1034 772 1117 802 vitiis
1146 772 1272 802 laborat
1303 782 1366 802 non
1395 772 1514 813 paucis.
1562 771 1678 802 Hiatus
1702 771 1830 803 admisit
1854 773 2034 815 complures

388 824 558 863 (68,1·1.·.›·.1.
595 826 644 863 73,
664 837 695 855 ιο.
733 826 783 863 92,
803 837 834 855 ιο.
871 826 921 863 95,
940 838 959 855 ·.·.
997 825 1047 863 99,
1064 837 1085 856 3.
1127 826 1193 863 125,
1212 837 1229 855 ι.
1269 826 1337 863 139,
1354 824 1401 864 14).
1454 823 1678 855 Barbarismos
1712 824 1764 855 hic
1798 825 1861 856 illic
1895 825 2035 856 sustulit:

384 876 597 915 episcopatum
631 875 730 917 (6,11)
766 879 923 917 perpetuo
961 876 1078 906 factum
1116 879 1164 906 est
1197 876 1407 914 episcopatus:
1439 886 1496 917 pro
1532 875 1684 917 perfectis
1718 876 1831 907 dividit
1868 878 1917 916 27,
1935 889 1956 917 5,
1988 877 2037 908 in-

385 927 505 957 clandit
533 930 600 965 145,
619 941 640 958 ιι
666 927 754 958 dedit
779 927 864 969 quod
892 928 1103 968 grammatica
1127 927 1272 969 requirit:
1303 938 1344 957 ex
1371 937 1526 966 quamque
1554 929 1622 967 180,
1642 940 1683 967 ιο,
1713 927 1798 969 quod
1821 928 1943 959 habent
1966 931 2038 959 acta

386 980 508 1010 concilii
533 979 700 1019 Laterani,
731 980 807 1010 fecit
831 982 865 1010 ut
889 980 983 1010 scribi
1009 979 1120 1010 debuit
1145 990 1257 1019 qnam.-
1288 980 1365 1010 item
1393 979 1564 1010 Glabrione
1595 980 1759 1010 substituit
1787 990 1845 1022 pro
1873 979 2037 1011 Grauione

386 1034 451 1071 (34,
471 1033 517 1067 12),
543 1032 711 1062 damnauit
728 1032 779 1062 vel
796 1031 883 1061 eiecit
907 1042 964 1073 pro
989 1031 1082 1070 (εν-0911
1106 1031 1172 1072 (77,
1191 1044 1210 1062 7.
1238 1032 1287 1070 78,
1306 1030 1359 1072 14);
1385 1033 1486 1061 terrae
1503 1034 1603 1061 motus
1619 1041 1751 1071 maynus
1767 1042 1824 1073 pro
1842 1034 1861 1062 t.
1879 1042 1918 1063 m.
1936 1032 2038 1062 mm‘or

386 1086 473 1124 (166,
493 1084 541 1122 15):
566 1083 695 1114 nomina
718 1083 856 1113 barbara
879 1082 921 1113 ad
945 1082 1193 1113 declinationem
1217 1083 1380 1113 revocavit
1404 1082 1492 1124 (149,
1511 1082 1552 1123 s);
1578 1082 1808 1124 displicuerunt
1832 1084 1861 1114 ei
1885 1083 2038 1114 Elcutlzcr

383 1136 485 1166 factus
499 1135 703 1166 Είνιιίῖιενῐιιε
720 1135 786 1176 (17,
797 1135 832 1176 ι),
846 1134 1041 1174 vaherimcs
1058 1135 1159 1166 factus
1175 1134 1367 1174 Zsyzlm-inus
1381 1135 1446 1175 (20,
1458 1133 1494 1175 ι).
1529 1133 1667 1165 Mutavit
1684 1145 1766 1176 quae
1785 1145 1847 1165 non
1864 1135 2035 1176 intellege-

384 1191 433 1217 ret
457 1198 554 1218 manu
577 1188 656 1227 levi,
675 1187 733 1217 sed
746 1197 949 1228 nequaquam
966 1187 1065 1219 felici:
1090 1187 1238 1218 scribitur
1267 1189 1295 1217 ct
1312 1186 1499 1226 philosopus
1523 1186 1589 1227 (34,
1606 1187 1629 1226 3)
1654 1197 1711 1228 pro
1736 1198 1773 1217 cx
1790 1186 1983 1226 philosopho,
2001 1197 2040 1217 ea·

385 1240 524 1269 medicus
553 1250 609 1281 pro
641 1250 678 1270 ea:
710 1239 824 1269 ›neclico
854 1239 925 1280 (45,
943 1238 984 1280 ι),
1016 1238 1098 1279 Tyro
1129 1249 1187 1280 pro
1221 1239 1300 1279 Cyro
1330 1238 1396 1280 (60,
1413 1239 1458 1279 ε),
1495 1237 1546 1269 uel
1575 1238 1646 1268 nati
1679 1249 1736 1280 pro
1765 1239 1867 1269 binah
1896 1238 1985 1280 (194,
2003 1238 2039 1280 ι).

388 1291 534 1332 Denique
558 1301 622 1321 non
647 1291 762 1321 desunt
786 1290 1009 1321 additamenta
1035 1294 1067 1321 et
1090 1291 1345 1326 immutationem
1371 1300 1433 1320 uno
1458 1290 1528 1320 loco
1558 1291 1626 1329 180,
1645 1302 1668 1320 12
1693 1294 1765 1321 acta
1789 1290 1913 1321 concilii
1938 1290 2037 1321 Late-

386 1344 452 1373 rani
478 1343 663 1374 exscribens
687 1343 786 1373 verba
811 1343 904 1381 fidem
928 1342 1098 1373 catholicae
1122 1342 1265 1373 eeclesiae
1288 1342 1495 1384 amplificavit
1513 1345 1545 1373 et
1563 1343 1720 1384 corrupit:
1746 1343 1839 1381 fldem
1855 1342 2040 1373 catholicam

385 1394 588 1434 apostolicam
613 1395 789 1432 ecclesian&
819 1395 920 1425 altero
947 1396 996 1434 24,
1013 1407 1025 1426 9
1050 1394 1135 1425 diem
1160 1395 1243 1426 tollit
1269 1395 1323 1426 XI
1342 1395 1370 1425 lc.
1395 1394 1471 1426 Dec.
1502 1395 1677 1425 narrationi
1700 1404 1814 1436 parum
1846 1395 2038 1425 convenien-

386 1452 468 1479 tem:
499 1447 593 1477 tertio
625 1446 796 1477 Heracleae
832 1446 993 1477 substituit
1026 1446 1328 1487 Constantinopolim
1352 1446 1441 1488 (114,
1458 1448 1512 1488 23):
1541 1447 1574 1476 in
1605 1446 1777 1488 sepulturis
1801 1445 1867 1488 (23,
1884 1458 1905 1477 4.
1939 1448 2040 1486 81,19.

386 1502 436 1538 83,
454 1504 480 1533 7)
512 1503 544 1530 et
572 1499 648 1529 alibi
680 1498 818 1540 (108,1³.
858 1500 924 1536 159,
942 1511 974 1530 ιο.
1009 1500 1076 1537 180,
1094 1498 1119 1537 s)
1150 1499 1249 1529 verba
1282 1498 1441 1540 quaedam
1475 1498 1514 1529 de
1544 1509 1600 1529 suo
1624 1498 1752 1529 videtur
1775 1497 1958 1537 addidisse,
1983 1497 2040 1528 sed

385 1561 457 1581 rara
487 1554 519 1581 et
547 1551 663 1582 nullius
691 1550 867 1591 gravitatis.
924 1549 966 1580 Ut
994 1551 1114 1592 passim
1143 1551 1275 1590 erravit,
1306 1551 1350 1581 ita
1373 1551 1471 1581 noxia
1501 1551 1705 1592 interpolatio
1737 1551 1769 1580 in
1800 1550 1930 1581 huiusce
1971 1550 2042 1581 libri

385 1603 574 1644 scriptorem
608 1613 671 1633 non
696 1602 781 1633 cadit
815 1605 847 1632 et
875 1602 990 1632 merito
1021 1603 1157 1644 primum
1186 1603 1290 1633 locum
1319 1602 1521 1633 Duchesnius
1551 1603 1580 1633 ei
1605 1602 1723 1633 tribuit.
1771 1601 1866 1637 Quod
1888 1602 1973 1633 idem
1998 1602 2042 1632 ait

385 1654 415 1695 (Ι
439 1666 468 1696 p.
487 1654 642 1686 CCXVII
667 1658 699 1685 et
723 1665 752 1696 p.
771 1654 847 1695 384)
871 1653 946 1684 inde
971 1665 989 1684 a
1012 1654 1174 1685 Bonifatio
1198 1654 1231 1685 Ι[
1257 1656 1304 1696 (p.
1329 1656 1400 1694 139)
1427 1655 1563 1685 alterum
1598 1654 1743 1685 ordinem
1771 1657 1947 1695 praestare,
1977 1654 2040 1696 pri-

385 1717 472 1737 mum
496 1718 603 1738 rursus
627 1705 877 1748 praeferendum
902 1716 973 1736 esse
997 1705 1072 1737 inde
1096 1716 1115 1736 a
1141 1706 1254 1747 Sergio
1282 1706 1294 1736 I
1320 1707 1364 1748 (p.
1384 1706 1471 1748 210),
1496 1706 1590 1737 certis
1615 1706 1812 1747 argumentis
1836 1716 1900 1736 non
1925 1706 2040 1737 confir-

388 1759 501 1795 mavit;
526 1769 637 1789 verum
663 1762 711 1789 est
735 1762 767 1789 ct
790 1759 923 1789 virtutes
947 1759 1056 1789 classis
1084 1759 1207 1800 primae
1232 1762 1265 1789 et
1294 1759 1370 1789 vitia
1394 1758 1556 1789 secundae
1588 1758 1687 1788 multo
1711 1758 1814 1799 magis
1838 1759 1979 1788 eminere
2010 1758 2042 1788 in

386 1814 479 1852 parte
513 1811 649 1841 vitarum
685 1810 861 1849 anteriore,
894 1821 965 1841 cum
1000 1811 1032 1841 in
1068 1811 1247 1852 posteriore
1283 1811 1471 1852 plerumque
1506 1810 1578 1841 libri
1610 1820 1721 1841 omnes
1747 1810 1960 1849 consentiant,
1985 1809 2043 1840 sed

388 1862 474 1903 quod
498 1873 593 1904 supra
617 1863 781 1904 posuimus
799 1862 877 1893 duos
902 1866 1001 1893 testes
1025 1873 1083 1893 nos
1100 1863 1221 1893 habere
1239 1863 1433 1894 recensionis
1451 1862 1648 1904 posterioris,
1666 1872 1802 1904 quorum
1820 1865 1934 1893 neutro
1954 1865 2042 1892 recte

389 1925 509 1954 careas,
534 1915 566 1946 id
590 1926 648 1957 per
671 1916 854 1946 universum
879 1926 993 1957 corpus
1019 1915 1152 1946 obtinet.

493 1975 612 2006 Classis
636 1975 778 2007 secunda
802 1979 911 2006 aetate
936 1976 1071 2007 alteram
1095 1976 1277 2018 praecedit:
1302 1987 1376 2007 nam
1401 1987 1442 2007 ex
1459 1975 1622 2007 codicibus
1648 1975 1714 2006 eius
1738 1975 1834 2006 hodie
1854 1973 2039 2005 extantibus

389 2028 626 2069 antiquissimus
651 2029 787 2070 scriptus
812 2027 938 2058 videtur
962 2039 1033 2059 esse
1058 2028 1192 2059 sedente
1218 2028 1332 2070 Sergio
1354 2029 1369 2059 I
1393 2029 1428 2070 (†
1447 2028 1523 2069 701)
1549 2031 1581 2059 et
1605 2027 1696 2058 Beda
1720 2037 1847 2068 quoque
1873 2025 1959 2066 quod
1984 2025 2040 2056 ad-

389 2080 492 2110 hibuit
523 2081 707 2121 exemplum
737 2080 928 2121 perveniens
959 2080 1000 2110 ad
1030 2080 1222 2121 Gregorium
1247 2081 1278 2111 ΙΙ
1304 2081 1334 2121 (†
1361 2081 1454 2120 731),
1483 2080 1614 2111 huiusce
1644 2079 1753 2110 classis
1790 2078 1887 2108 fuisse
1919 2080 2044 2108 constat

390 2134 500 2173 (supra
531 2142 560 2173 p.
583 2131 665 2173 CV).
721 2131 934 2162 Nihilominus
963 2132 1173 2174 archetypum
1202 2132 1248 2172 id,
1283 2143 1302 2162 a
1333 2142 1395 2174 quo
1426 2131 1498 2162 libri
1530 2131 1627 2162 nostri
1656 2130 1913 2172 proficiscuntur,
1945 2130 2041 2170 longe

391 2183 531 2214 deterius
559 2183 618 2213 fuit
650 2194 688 2213 eo
721 2183 806 2224 quod
830 2187 1092 2225 repraesentatur
1116 2184 1226 2215 codice
1251 2184 1400 2216 Lucensi,
1448 2183 1563 2214 Hiatus
1595 2183 1734 2214 maiores
1765 2192 1840 2213 casu
1865 2182 1967 2212 factos
1992 2181 2043 2211 hic

391 2246 518 2277 quoque
544 2234 621 2265 ordo
646 2235 746 2265 habet
769 2235 844 2265 licet
867 2245 999 2266 numero
1024 2236 1192 2277 pauciores
1217 2237 1281 2276 (31,
1299 2248 1318 2266 e.
1344 2238 1394 2275 99,
1413 2248 1446 2267 29.
1479 2237 1544 2274 104,
1562 2235 1617 2275 2o);
1643 2234 1700 2265 sed
1717 2234 1836 2276 passim
1855 2232 2042 2264 desideran-

391 2290 441 2317 tur
471 2287 501 2317 in
532 2297 570 2317 eo
595 2287 776 2328 improbata
800 2287 967 2329 archetypi
991 2288 1136 2329 scriptori
1169 2291 1201 2318 et
1232 2288 1362 2318 consilio
1388 2287 1515 2318 sublata
1539 2288 1642 2328 (25,1.
1680 2287 1730 2326 26,
1746 2298 1767 2317 9.
1805 2287 1906 2325 29,1³.
1943 2286 1992 2324 66,
2011 2297 2042 2315 ιι.

391 2342 441 2372 92.
461 2340 507 2381 15).
554 2340 628 2370 Alia
651 2340 853 2381 reperiuntur
876 2343 931 2370 aut
954 2340 1038 2370 male
1063 2341 1183 2370 inserta
1207 2339 1272 2381 (42,
1291 2353 1310 2371 ι.
1349 2342 1399 2379 71,
1416 2352 1436 2371 2.
1473 2342 1523 2377 86,
1540 2338 1566 2379 4)
1592 2341 1647 2369 aut
1676 2341 1799 2368 temere
1830 2340 1952 2368 mutata
1978 2335 2043 2377 (81.

392 2394 492 2427 91120.
523 2395 590 2430 101,
608 2404 629 2423 ο.
661 2394 727 2430 109,
745 2392 793 2433 31),
818 2392 900 2422 inter
924 2402 1003 2433 quos
1027 2392 1114 2422 locos
1139 2392 1298 2422 notabiles
1322 2394 1395 2422 sunt
1418 2391 1532 2433 quibus
1563 2391 1671 2432 aliqua
1694 2400 1802 2420 rerum
1827 2389 1941 2420 notitia
1965 2389 2041 2419 sub-

392 2447 456 2481 est,
492 2448 526 2474 ut
559 2446 607 2483 21,
625 2456 637 2475 a
661 2444 837 2485 imperator
867 2443 1136 2474 'l'lneodoliohollus
1171 2443 1274 2474 factus
1311 2443 1505 2474 Ilelioballus
1535 2442 1649 2483 (voluit
1678 2440 1932 2482 Helioyabalus),
1965 2442 2015 2479 22,
2033 2453 2044 2471 5

392 2495 535 2525 sublatus
562 2495 781 2526 Diocletianus
805 2498 937 2537 propter
964 2496 1104 2525 rationes
1135 2496 1265 2535 aetatis,
1292 2496 1341 2535 79,
1360 2508 1382 2526 ιο
1407 2495 1475 2526 dies
1500 2495 1605 2526 obitus
1630 2493 1749 2524 hiberii
1784 2495 1926 2523 mutatus
1952 2491 2043 2523 adhi-

394 2546 466 2576 bitis
490 2551 525 2576 ut
549 2547 675 2578 videtur
697 2547 797 2588 gestis
829 2547 896 2577 eius
925 2547 1076 2589 episcopi.
1124 2547 1368 2588 Dittographias
1399 2557 1477 2589 quas
1502 2546 1629 2588 proprie
1656 2545 1743 2575 dicas
1768 2554 1962 2586 quamquam
1981 2554 2044 2575 non

394 2599 536 2639 repperi,
561 2609 661 2640 prope
686 2598 727 2629 ad
752 2609 807 2629 eas
832 2598 989 2629 accedunt
1010 2600 1041 2629 in
1066 2598 1146 2629 Gaio
1172 2602 1250 2638 40,ι
1276 2599 1493 2630 ordinationes
1523 2598 1570 2628 bis
1595 2597 1718 2638 positae
1750 2596 1828 2626 locis
1853 2595 1986 2626 diversis
2012 2599 2045 2626 et

394 2649 424 2679 in
448 2649 634 2681 Marcellino
660 2653 735 2689 42,·ι
759 2651 872 2681 relatio
898 2650 937 2681 dc
962 2650 1126 2692 sepultura
1151 2651 1256 2682 verbis
1288 2651 1339 2682 hie
1364 2651 1427 2682 illic
1450 2650 1579 2681 mutatis
1608 2649 1657 2679 bis
1681 2648 1829 2689 repetita.
1876 2647 2044 2678 Habemus

393 2701 488 2741 igitur
519 2706 633 2732 testem
664 2703 792 2733 omnino
823 2702 1018 2733 audiendum
1050 2707 1082 2734 et
1112 2703 1234 2745 ipsum,
1266 2703 1323 2733 scd
1356 2713 1467 2745 parum
1492 2702 1669 2743 simplicem
1700 2710 1759 2730 neo
1785 2709 1856 2730 raro
1881 2699 2042 2731 fallacem.

396 2754 498 2789 Quam
524 2755 564 2784 oh
600 2766 666 2785 rem
702 2756 754 2786 ubi
788 2761 979 2797 argumenta
1012 2757 1075 2787 alia
1106 2756 1272 2795 deficiunt,
1302 2767 1360 2787 nos
1390 2766 1517 2797 quoquc
1546 2754 1587 2785 ad
1615 2754 1748 2795 primam
1778 2752 1913 2783 classem
1943 2751 2045 2792 magis

395 2816 452 2835 nos
476 2807 686 2848 applicuimus
711 2818 806 2848 quam
831 2807 872 2838 ad
896 2808 1082 2840 secundam.
