2245 3213
426 224 486 254 258

730 306 787 332 FE
788 306 811 332 L
816 306 895 333 [GL-1
900 307 952 333 NA

426 830 517 860 Fecit
543 831 760 861 ordinationes

426 891 456 920 in
480 890 558 921 urbe
584 891 688 922 Roma

425 946 491 977 IIII

426 1014 485 1044 per
508 1013 608 1035 meuS.
632 1002 801 1043 Deeemb.‚

426 1063 530 1104 presb.
549 1063 685 1103 XLVII,
709 1064 788 1095 diae.
806 1064 880 1105 XV,
898 1066 1065 1107 episcopos
1082 1077 1139 1107 per
1155 1067 1226 1097 loca

429 1114 563 1146 CXVII.
605 1115 757 1156 Sepultus
776 1119 825 1147 est
842 1116 928 1157 apud
944 1117 1075 1148 beatum
1092 1118 1224 1150 Petrum

426 1166 484 1197 sub
508 1166 559 1197 die
584 1166 684 1197 XIIII
707 1167 749 1198 kl.
774 1168 859 1209 Aug.

425 1227 457 1257 'm
481 1237 571 1268 paee.

427 1286 574 1318 Cessavit
598 1288 802 1330 episcopatus
827 1289 895 1320 dies
919 1290 979 1322 III.

471 1392 542 1413 Lun.
566 1381 748 1423 Homusm,
783 1384 913 1415 natione
948 1384 1148 1427 Campanus,
1184 1396 1226 1416 ex

428 1436 519 1474 patre
538 1433 637 1473 Iusto,
663 1434 702 1465 de
721 1435 850 1466 civitate
868 1436 1023 1475 Frisione‚
1047 1437 1130 1468 sedit
1153 1448 1224 1468 ann.

428 1484 525 1515 VIHI
549 1484 616 1516 dies
640 1486 731 1517 XVI.

428 1544 531 1575 Huius
556 1546 778 1587 episcopatum
802 1547 1011 1587 auctoritate,
1042 1559 1083 1579 ex
1108 1550 1224 1580 eonsti-

428 1600 495 1627 tuto
521 1597 654 1638 synodo,
679 1599 764 1629 misit
786 1599 817 1629 in
835 1598 952 1630 Grecia
967 1600 1142 1631 secundum
1165 1601 1224 1632 hu-

427 1649 616 1680 manitatem
641 1650 726 1681 sedis
743 1651 941 1692 apostolicae
960 1655 992 1682 et
1008 1653 1226 1684 reconciliavit

428 1700 558 1741 Grecos,
584 1701 637 1742 qui
662 1702 795 1743 obligati
820 1706 911 1733 erant
935 1703 992 1734 sub
1018 1704 1225 1735 anathemate

427 1756 559 1794 propter
582 1753 679 1784 Petro
703 1753 926 1785 Alexandrino
951 1758 983 1786 et
1007 1755 1122 1786 Acatio
1140 1755 1224 1787 Con-

427 1805 724 1846 stantinopolitano.
785 1805 848 1837 Hie
882 1817 967 1848 papa
1005 1808 1150 1849 perrexit
1185 1807 1226 1839 ad

427 1867 538 1897 regem
556 1856 793 1888 Theodericum
811 1858 999 1889 Ravennam
1025 1862 1057 1890 et
1081 1869 1123 1890 ex
1148 1870 1224 1891 con-

427 1909 495 1939 silio
527 1909 612 1949 regis
642 1909 760 1940 direxit
784 1910 931 1941 Ennodio
962 1911 1114 1953 episcopo
1139 1911 1224 1942 Tici-

427 1970 525 1991 nense
557 1964 590 1991 et
619 1960 795 1992 Fortunato
833 1963 985 2004 episcopo
1019 1962 1224 1994 Cathenense

428 2017 460 2042 ct
484 2012 656 2043 Euantium
682 2013 896 2054 presbiterum
921 2015 1008 2045 urbis
1033 2017 1065 2044 et
1085 2014 1224 2045 Vitalem

429 2063 598 2094 diaconum
622 2064 723 2095 urbis:
750 2069 863 2096 cuntes
880 2065 921 2096 ad
938 2066 1111 2097 Anastasio
1128 2066 1224 2108 Aug.‚

427 2119 461 2145 ut
499 2116 556 2146 sub
592 2116 692 2147 libelli
732 2117 948 2148 satisfactione
985 2122 1223 2158 revocarentur,

426 2167 501 2198 nihil
532 2172 676 2208 egerunt.
736 2169 818 2199 Item
849 2169 990 2200 secundo
1023 2171 1107 2201 misit
1138 2170 1223 2201 Hor-

426 2220 528 2250 misda
552 2220 733 2251 Ennodium
764 2225 796 2251 et
820 2221 1030 2262 Peregrinum
1056 2223 1224 2265 episcopos

427 2275 459 2301 ct
490 2270 634 2302 Pollione
666 2272 861 2303 subdiacono
893 2273 978 2303 urbis
1012 2277 1044 2304 et
1073 2277 1223 2315 portave-

428 2326 499 2353 runt
524 2323 676 2364 epistolas
700 2324 775 2355 fidei
800 2328 832 2355 et
849 2326 1100 2356 contestationes
1117 2337 1222 2357 see-re-

428 2378 475 2404 tas
500 2385 632 2405 numero
657 2375 789 2406 XVIIII
813 2379 845 2406 et
868 2376 1023 2415 libellum,
1047 2388 1105 2419 per
1129 2388 1223 2419 quem

427 2426 582 2458 redirent:
615 2427 700 2468 quod
725 2428 750 2458 si
774 2428 948 2459 noluissent
973 2429 1130 2470 epistulae
1155 2440 1223 2460 sus-

427 2479 534 2519 cipere
560 2480 821 2519 contestationes,
846 2491 904 2521 per
928 2481 1072 2512 civitates
1089 2492 1223 2523 sparge-

426 2534 505 2560 rent.
552 2530 587 2560 In
613 2541 674 2572 quo
699 2532 800 2562 noluit
829 2533 1009 2563 consentire
1036 2534 1223 2564 Anastasius

427 2582 521 2621 Aug,
547 2592 585 2612 eo
611 2583 695 2623 quod
720 2588 789 2614 erat
812 2584 843 2614 in
867 2584 981 2615 herese
998 2584 1126 2616 Euthiei
1147 2596 1222 2616 con-

427 2634 577 2664 sentiens.
624 2634 744 2665 Volens
769 2635 876 2677 itaque
907 2647 962 2667 eos
993 2647 1050 2678 per
1074 2647 1222 2667 remune—

427 2685 581 2715 rationem
601 2696 820 2728 corrumpere:
846 2688 889 2718 illi
912 2692 1019 2719 autem
1038 2692 1223 2730 contempto

428 2736 570 2777 principe
606 2738 786 2768 nullatenus
817 2744 1047 2770 consenserunt
1075 2741 1222 2782 accipere

428 2788 589 2827 pecunias.
635 2788 756 2819 Furore
781 2800 933 2821 aecensus
957 2791 1131 2833 imperator
1155 2793 1221 2823 eie-

426 2839 467 2868 cit
491 2848 545 2869 eos
570 2849 627 2880 per
657 2841 761 2871 locuni
786 2843 999 2883 periculosum
1029 2846 1061 2873 et
1084 2844 1223 2885 inposuit

1148 222 1177 247 E
1182 221 1228 247 ΡΙ
1230 221 1335 247 TOMA
1340 221 1368 247 Ε

1568 306 1798 334 ΟΟΝΟΝῙᾼΝΑ

1282 359 1322 390 ad
1348 360 1547 390 consolatum
1572 359 1745 395 Senator-is,
1769 370 1788 390 a
1811 359 1842 390 X
1865 360 1897 392 k.
1922 360 2078 392 Decemb.

1281 421 1382 452 usque
1407 411 1490 441 XIII
1515 411 1545 442 k.
1570 411 1653 452 Aug.
1710 411 1772 442 Hic
1807 411 1882 442 feeit
1914 411 2078 442 basilicam

1280 463 1381 493 sancti
1398 462 1550 493 Andreae
1568 462 1705 504 apostoli
1723 462 1763 493 ad
1780 466 1924 493 sanctum
1946 463 2078 494 Petrum

1280 517 1312 544 et
1348 514 1471 545 ornavit
1506 517 1572 545 tam
1611 524 1682 545 eam
1719 524 1814 556 quam
1850 514 1928 545 alias
1965 525 2077 556 quam-

1279 566 1387 607 plures
1418 576 1459 596 ex
1491 576 1568 596 auro
1597 569 1794 607 argentoque
1818 566 1966 608 plurimo,
2013 566 2077 598 Hic

1279 617 1337 647 fuit
1350 620 1549 648 constructor
1562 618 1769 648 ecelesiarum
1784 629 1791 653 ;
1809 618 1974 659 ampliavit
1991 618 2076 649 clero

1279 672 1311 699 et
1335 668 1453 699 donum
1470 669 1651 710 presbiterii
1670 669 1841 711 triplicavit
1865 672 1898 700 et
1922 670 2076 711 pauperi—

1278 720 1338 750 bus
1361 723 1468 751 vestes
1485 724 1517 751 et
1534 721 1718 752 alimoniam
1736 721 1907 762 triplicavit
1926 723 1958 751 et
1975 721 2076 752 multa

1279 772 1342 802 alia
1365 772 1459 806 bona,
1485 783 1566 814 quae
1592 783 1741 803 enarrare
1765 773 1897 814 longum
1921 776 1978 803 est.

1279 832 1371 863 Fecit
1395 831 1611 863 ordinationes

1279 947 1356 987 1111,

1280 1063 1384 1105 presb.
1393 1062 1546 1102 XCVIII,
1560 1063 1639 1094 diac.
1649 1063 1739 1104 XVI,
1750 1065 1919 1106 episcopos
1926 1063 2078 1095 CXVIII.

1280 1115 1342 1150 Qui
1356 1115 1452 1146 etiam
1467 1115 1610 1156 sepultus
1628 1118 1677 1146 est
1694 1115 1781 1157 apud
1797 1115 1928 1147 beatum
1945 1116 2077 1147 Petrum

1277 1166 1345 1197 IIII
1369 1167 1400 1198 k.
1424 1166 1509 1208 Aug.

1280 1285 1426 1318 Cessavit
1451 1288 1656 1331 episcopatus
1680 1288 1748 1319 dies
1764 1287 1821 1319 VI.

1330 1380 1591 1421 L1v.HonnnsDA‚
1629 1383 1759 1413 natione
1796 1381 1995 1424 Campanus,
2036 1391 2078 1412 ex

1278 1434 1369 1472 patre
1385 1432 1483 1471 Iusto,
1509 1433 1548 1464 de
1567 1434 1697 1466 civitate
1713 1434 1890 1473 Frisinone,
1914 1432 1998 1464 sedit
2023 1442 2074 1464 an.

1279 1483 1379 1514 VIIII
1403 1483 1471 1515 dies
1495 1484 1603 1517 XVII.

1279 1543 1342 1574 I-lic
1378 1544 1491 1575 habuit
1529 1547 1704 1577 certamina
1741 1556 1799 1588 per
1833 1544 1976 1587 epistolis
2012 1545 2075 1576 suis

1280 1598 1390 1626 contra
1406 1595 1612 1628 Anastasium
1636 1598 1865 1639 imperatorem
1886 1596 2074 1628 hereticum.
