2245 3213
882 217 1162 244 PROLEGOMENA.
1797 218 1846 243 XV

202 306 345 348 quadrat,
391 305 504 347 Longe
528 305 725 347 probabilius
749 308 925 335 statuemus
943 305 1131 346 scriptorem
1149 304 1311 343 hueusque
1328 304 1519 335 vocabulum
1535 305 1679 345 posuisse
1705 304 1743 335 de
1769 315 1850 334 anno

201 359 388 399 scriptionis,
406 357 578 388 secundum
598 356 861 388 consuetudinem
880 356 1082 386 librariorum
1100 357 1308 392 notissimam,
1328 360 1360 386 et
1374 355 1547 386 adventum
1562 357 1703 397 intellegi
1722 356 1849 397 Lango-

199 409 371 440 bardorum
394 410 424 440 in
448 409 584 447 Italiam,
609 419 670 450 quo
695 418 751 450 pro
781 418 856 438 aera
888 408 985 438 etiam
1009 407 1160 438 Rotharis
1186 418 1244 438 rex
1267 408 1366 438 utitur
1389 408 1421 438 in
1446 408 1581 449 prologo
1608 408 1713 439 edicti.
1754 409 1778 438 is
1804 412 1850 438 est

199 471 226 491 a.
250 472 280 502 p.
306 460 378 491 Chr.
398 462 473 499 568,
502 471 601 491 annus
630 460 726 500 igitur
754 459 794 489 ab
824 470 861 489 eo
887 458 1062 489 CXXVIII
1091 459 1125 489 fit
1150 460 1231 493 698,
1264 459 1406 490 incidens
1437 459 1468 489 in
1498 459 1634 500 spatium
1660 460 1850 490 successoris

200 512 338 543 Cononis
363 512 468 553 Sergii
492 512 507 542 I
533 512 739 551 (687—701).

301 563 407 595 Etiam
444 564 561 597 classis,
586 563 699 594 tertiae
735 563 993 604 antiquissimum
1031 562 1217 603 exemplum
1252 561 1348 592 hodie
1383 565 1508 599 notum,
1545 563 1664 593 scilicet
1699 563 1730 593 id
1766 562 1851 604 quod

199 616 365 657 usurpavit
389 616 580 657 epitomator
605 615 817 653 Cononianus,
842 615 974 645 finiebat
998 615 1028 644 in
1053 614 1141 644 obitu
1167 613 1315 646 Cononis.

301 667 448 708 Denique
479 667 520 697 ad
551 667 687 698 eundem
721 668 889 697 terminum
917 666 1003 697 ducit
1028 665 1172 696 codicum
1197 665 1357 696 secundae
1385 666 1532 696 editionis
1557 666 1710 697 condicio.
1748 666 1848 697 Vide-

198 719 301 750 bimus
325 719 406 750 infra
430 723 495 750 tam
519 719 654 761 primam
679 720 813 750 classem
846 729 940 759 quam
973 717 1146 748 secundam
1172 717 1301 748 fluxisse
1328 728 1369 748 ex
1393 718 1570 759 archetypo
1596 718 1755 748 0001010111
1779 728 1849 748 eas-

200 770 337 811 demque
362 771 392 801 in
410 771 481 801 crisi
504 771 594 812 leges
619 771 764 802 obtinere
790 771 932 812 pariliter
956 780 1056 810 usque
1074 769 1115 799 ad
1133 769 1310 800 Cononem.
1350 769 1469 799 Contra
1491 770 1521 799 in
1540 771 1693 800 extremis
1711 770 1849 811 quinque

199 823 269 853 vitis
286 825 412 853 nostrae
438 822 585 853 editionis
611 823 755 853 codicum
781 823 952 852 affinitates
976 825 1138 852 mutantur
1163 824 1194 851 et
1219 825 1376 862 apparent
1400 821 1517 851 indicia
1534 821 1699 862 archetypi
1725 823 1850 852 tractati

199 874 334 905 diverse.
372 874 440 905 Eae
456 875 553 915 igitur
567 874 609 904 ad
626 885 739 915 corpus
757 874 893 904 vitarum
912 873 1132 904 Cononianum
1149 876 1222 914 post
1240 873 1442 903 intervallum
1460 872 1605 903 adiectae
1624 876 1704 907 sunt,
1730 873 1850 913 pariter

199 930 294 967 atque
318 927 349 956 in
373 927 440 967 ipso
466 927 602 957 Lucensi
627 926 751 967 corpori
775 926 896 956 finienti
924 926 955 955 in
981 924 1190 955 Constantino
1219 925 1473 955 commentarioli
1499 924 1560 954 duo
1585 924 1741 954 subiuneti
1768 928 1848 955 sunt.

198 979 284 1019 prior
314 978 574 1019 quaternionibus
604 988 747 1008 seorsum
778 977 951 1008 numeratis
976 976 999 1007 I.
1025 976 1065 1007 II.
1091 975 1161 1018 [HI]
1200 976 1325 1007 habens
1356 977 1437 1007 vitas
1467 976 1689 1017 episcoporum
1719 986 1737 1005 a
1769 975 1849 1006 Gre-

198 1030 286 1069 gorio
310 1029 342 1060 II
377 1029 574 1060 Constantini
610 1040 792 1060 successore
829 1029 868 1060 ad
904 1028 1103 1070 Stephanum
1128 1028 1160 1059 II
1197 1028 1229 1065 (ἦ
1255 1027 1346 1069 757),
1386 1028 1546 1070 posterior
1579 1038 1595 1057 a
1630 1027 1846 1069 praecedente

198 1085 363 1123 separatus
393 1081 467 1112 inde
497 1081 538 1112 ad
566 1081 764 1112 Hadrianum
784 1081 799 1112 I
824 1081 856 1117 ‹†
875 1080 964 1116 7955:
1003 1085 1148 1111 tenemus
1180 1080 1230 1111 hic
1263 1080 1405 1111 auctaria
1437 1079 1498 1110 duo
1532 1079 1635 1110 adhuc
1668 1090 1686 1109 a
1717 1090 1849 1120 corpore

199 1133 376 1174 antiquiore
403 1133 559 1164 distincta.
606 1133 759 1164 Similiter
783 1133 873 1163 Beda
907 1132 947 1163 ad
972 1133 1122 1163 chronica
1150 1143 1207 1162 sua
1238 1132 1356 1173 scripta
1382 1142 1409 1162 a.
1430 1134 1490 1162 725
1519 1131 1664 1162 adhibuit
1687 1136 1849 1172 gestorum

199 1185 426 1226 pontificalium
459 1185 626 1226 exemplar
656 1185 846 1226 perveniens
879 1184 920 1214 ad
950 1185 1052 1226 ipsum
1086 1188 1152 1214 tum
1188 1183 1355 1214 sedentem
1389 1184 1574 1224 episcopum
1604 1183 1794 1224 Gregorium
1820 1184 1849 1214 ΙΙ

199 1236 413 1276 (Tm—73&
436 1236 548 1267 habuit
572 1236 722 1267 videlicet
747 1247 861 1277 corpus
886 1239 1027 1266 nostruin
1059 1246 1129 1266 011111
1155 1235 1295 1266 auctario
1322 1235 1467 1276 episcopi
1491 1235 1592 1265 unius.
1638 1234 1731 1265 Haec
1755 1236 1850 1275 igitur

199 1288 418 1319 additamenta
442 1289 535 1319 crisin
558 1288 724 1329 requirunt
749 1298 767 1318 a
784 1298 917 1328 corpore
943 1288 1121 1328 antiquiore
1148 1287 1308 1317 diversam
1326 1290 1358 1317 et
1376 1287 1439 1317 suis
1456 1287 1581 1327 legibus
1606 1290 1736 1322 rectam,
1762 1297 1848 1316 eam-

200 1350 260 1381 que
286 1339 326 1370 ob
352 1350 479 1371 causam
504 1351 574 1371 cum
609 1340 715 1381 aliquo
740 1341 809 1371 loco
844 1340 920 1370 mihi
945 1339 1182 1370 subsistendum
1216 1342 1301 1370 esset
1329 1339 1561 1380 posterioribus
1589 1339 1717 1380 impari,
1749 1339 1849 1379 selegi

199 1402 281 1424 eum,
305 1392 337 1422 in
361 1402 423 1433 quo
447 1392 514 1422 finit
537 1392 619 1422 liber
642 1392 809 1432 primarius
833 1392 996 1422 Lucensis.

302 1443 393 1474 Haec
410 1454 492 1485 quae
512 1444 674 1485 posuimus
698 1447 733 1474 ut
757 1454 838 1485 quae
864 1447 936 1485 post
953 1443 1118 1473 Cononem
1144 1446 1321 1484 sequuntur
1343 1442 1507 1473 declarant
1531 1442 1753 1472 additamenta
1778 1453 1849 1473 esse

200 1495 238 1525 ad
265 1495 439 1526 editionem
458 1496 592 1526 vitarum
619 1495 791 1526 secundam
817 1495 951 1526 subinde
976 1495 1112 1529 adiecta,
1139 1496 1183 1525 ita
1207 1505 1410 1536 nequaquam
1436 1494 1509 1524 inde
1536 1494 1689 1535 probatur
1706 1495 1786 1524 vitas
1808 1494 1848 1524 ad

199 1547 363 1578 Cononem
396 1557 495 1588 usquc
526 1558 636 1578 omnes
669 1548 810 1578 adfuisse
842 1548 871 1578 in
903 1547 1064 1578 secundae
1094 1547 1287 1577 recensionis
1316 1547 1503 1588 archetypo.
1551 1546 1772 1587 Archetypum
1806 1547 1847 1581 id,

198 1609 216 1628 a
241 1610 301 1640 quo
335 1598 477 1640 pendent
515 1599 586 1630 libri
618 1599 764 1630 editionis
795 1599 954 1630 secundae
980 1609 1058 1640 quos
1082 1599 1238 1629 habemus
1271 1609 1397 1635 omnes,
1422 1598 1499 1628 nihil
1523 1598 1656 1639 impedit
1681 1598 1848 1639 quominus

200 1651 261 1681 iam
286 1651 461 1681 auctarium
494 1652 675 1682 auctariave
709 1651 878 1682 adsciverit
907 1651 1033 1681 adiecta
1063 1650 1103 1680 ad
1133 1651 1353 1681 recensionem
1385 1649 1557 1680 secundam
1591 1650 1785 1687 absolutam,
1818 1653 1850 1680 et

200 1707 270 1732 sunt
304 1713 385 1743 quae
417 1702 581 1733 suadeant.
634 1703 751 1733 Classis
784 1704 896 1733 tertiae
929 1703 1069 1743 graviter
1104 1703 1318 1744 interpolatae
1356 1702 1565 1743 archetypum
1597 1702 1622 1732 si
1657 1702 1778 1739 extitit,
1815 1705 1849 1732 nt

199 1754 377 1785 videbimus
408 1755 564 1791 extitisse,
589 1766 672 1785 saec.
694 1755 757 1785 VH
787 1758 927 1785 exeunte
954 1755 1002 1785 vel
1032 1755 1203 1796 incipiente
1225 1754 1325 1786 VIII.
1363 1757 1435 1784 ante
1472 1753 1502 1783 id
1532 1757 1658 1795 tempus
1688 1753 1848 1783 reicienda

199 1814 247 1835 est
277 1807 437 1847 separatio
468 1807 615 1837 classium
641 1806 773 1837 duarum
804 1807 925 1848 primae
957 1810 991 1837 et
1020 1806 1199 1845 secundae,
1234 1816 1306 1836 nam
1331 1817 1349 1835 a
1373 1805 1513 1836 secunda
1538 1805 1657 1847 pendet
1682 1806 1791 1840 tertia:
1817 1809 1848 1835 et

198 1857 277 1888 haec
303 1858 454 1888 librorum
479 1858 625 1895 affinitas,
649 1862 684 1888 ut
707 1869 769 1889 non
793 1858 975 1889 necessario
995 1858 1137 1899 requirit,
1164 1858 1207 1888 ita
1232 1861 1317 1888 certe
1343 1857 1546 1888 commendat
1569 1857 1694 1897 longius
1719 1857 1847 1898 aliquod

198 1910 399 1940 intervallum
424 1910 506 1940 inter
531 1910 697 1952 archetypi
722 1911 897 1941 communis
922 1911 1186 1951 perscriptionem
1212 1913 1244 1939 et
1268 1910 1533 1950 perscriptionem
1559 1910 1724 1950 archetypi
1749 1909 1845 1939 10101·-

198 1962 388 2003 polatorum.
433 1961 579 2001 Accedit,
603 1962 635 1992 id
660 1962 745 2004 quod
769 1963 864 2003 longe
890 1962 1018 2003 gravius
1044 1966 1101 1999 est,
1127 1961 1271 1992 condicio
1297 1962 1431 1992 vitarum
1457 1972 1475 1991 a
1497 1960 1654 2002 Gregorio
1679 1961 1781 2002 primo
1806 1960 1847 1990 ad

199 2012 373 2043 Cononem.
419 2013 469 2043 De
493 2014 530 2044 iis
555 2025 637 2055 quac
661 2014 865 2045 Dnchesnius
894 2015 1011 2056 passim
1038 2014 1086 2055 (ut
1111 2013 1149 2044 de
1174 2013 1312 2044 Marrino
1337 2014 1351 2044 Ι
1376 2014 1437 2045 vol.
1453 2013 1468 2043 Ι
1492 2024 1521 2054 11.
1541 2013 1617 2046 3111)
1643 2013 1791 2054 exposuit
1816 2016 1847 2043 et

198 2076 298 2106 nuper
322 2065 414 2095 Felix
439 2065 598 2106 Georgius
622 2065 800 2096 Rosent'eld
826 2066 912 2105 (iibrr
935 2066 984 2095 ‹lir
1011 2066 1220 2104 (bmposition
1250 2066 1303 2095 des
1326 2065 1400 2095 lilwr
1420 2065 1615 2104 [1011111011]ιὲ
1639 2065 1685 2095 lu's
1707 2075 1745 2094 :a
1767 2065 1844 2094 Fon-

197 2117 319 2146 st‘anlin
348 2116 512 2158 Marburgi
542 2117 634 2150 1506]
670 2129 699 2159 p.
718 2119 834 2159 385011.
867 2118 1087 2159 amplificavit,
1128 2118 1187 2147 etsi
1222 2128 1284 2147 non
1322 2118 1427 2147 omnia,
1464 2117 1624 2158 probarim
1661 2127 1719 2147 nee
1753 2117 1845 2146 facile

199 2171 410 2208 segregantur
438 2168 638 2199 diversitates
672 2169 824 2200 oriundae
856 2180 897 2199 ex
929 2172 1093 2199 auctorum
1129 2169 1344 2199 adhibitorum
1381 2169 1564 2199 diversitate
1602 2179 1724 2209 eaeque
1763 2179 1844 2209 quae

199 2219 333 2250 redeunt
350 2219 390 2250 ad
408 2219 626 2251 diversitatem
645 2221 785 2262 ipsorum
803 2222 1002 2262 scriptorum,
1028 2221 1087 2251 1100
1104 2221 1181 2251 mihi
1199 2231 1325 2262 quoque
1345 2220 1518 2251 admodum
1535 2220 1703 2261 probabile
1722 2220 1846 2250 videtur

199 2271 325 2312 septimi
350 2273 468 2302 saeculi
492 2273 573 2303 vitas
597 2273 754 2314 proficisci
779 2283 797 2303 a
821 2273 1027 2314 scriptoribus
1050 2272 1194 2314 pluribus
1218 2282 1276 2314 per
1300 2273 1386 2303 vices
1412 2272 1666 2303 succedentibus.

303 2322 448 2354 Certiora
465 2324 600 2355 fortasse
614 2328 803 2365 argumenta
820 2325 859 2355 ad
878 2325 1098 2366 quaestionem
1117 2324 1330 2355 decidendam
1348 2324 1744 2366 501111011111111111100101001
1760 2334 1844 2354 00111-

198 2375 332 2416 paratio,
358 2378 423 2405 tam
441 2385 550 2406 eorum
568 2377 620 2418 qui
637 2387 751 2418 eorpus
774 2377 833 2407 hoe
858 2377 888 2407 in
912 2387 1003 2407 usum
1029 2387 1118 2407 suum
1143 2380 1197 2407 aut
1221 2380 1447 2407 converterunt
1471 2380 1602 2407 autnon
1620 2375 1843 2408 adhibuerunt.

199 2437 269 2457 cum
295 2427 319 2457 si
343 2426 542 2465 habuissent.
569 2431 655 2458 certo
680 2428 915 2465 adhibuissent,
941 2439 1035 2469 quam
1061 2428 1275 2459 adhibitorum
1302 2440 1319 2459 a
1344 2429 1484 2469 corporis
1509 2427 1740 2459 conditoribus.
1766 2438 1843 2469 qua.-

201 2482 290 2508 tenus
315 2479 347 2508 hi
371 2479 490 2509 faciunt
506 2479 545 2508 ad
563 2480 677 2510 aetatis
702 2480 922 2521 quaestionem
941 2480 1160 2510 dirimendam.
1198 2479 1291 2511 Haec
1315 2484 1504 2521 argumenta
1522 2480 1618 2510 etiam
1642 2479 1683 2509 ad
1707 2480 1843 2520 priorem

199 2529 372 2560 editionem
397 2531 597 2571 perveniunt.

302 2582 476 2623 Gregorius
494 2582 688 2612 Turonensis
713 2582 820 2623 (natus
837 2594 862 2613 c.
880 2593 908 2614 a.
931 2584 991 2613 538
1017 2583 1095 2613 obiit
1119 2593 1146 2613 a.
1165 2585 1239 2621 594)
1265 2593 1458 2624 quamquam
1483 2584 1708 2614 commercium
1733 2584 1844 2614 habuit

200 2643 269 2663 cum
294 2634 428 2675 Pelagio
453 2634 468 2664 Ι
493 2637 524 2664 et
549 2634 705 2674 Gregorio
730 2634 745 2664 I
770 2635 927 2676 episcopis
951 2634 1104 2664 Romanis
1130 2638 1161 2664 et
1186 2645 1266 2675 quae
1293 2634 1332 2665 de
1357 2635 1393 2665 iis
1417 2644 1475 2675 per
1498 2635 1610 2665 missos
1636 2636 1844 2676 comperisset

200 2685 323 2725 seriptis
348 2686 410 2715 suis
435 2686 566 2716 inseruit
585 2686 668 2717 (hist.
685 2685 798 2716 Frane.
824 2688 866 2723 10,
884 2689 917 2717 4:
942 2686 980 2716 cf.
1001 2687 1031 2716 in
1056 2686 1135 2725 glor.
1159 2690 1250 2716 mart.
1275 2697 1300 2716 c.
1319 2687 1382 2721 82),
1406 2696 1511 2727 neque
1534 2687 1565 2716 in
1590 2687 1721 2717 historia
1742 2687 1842 2717 Fran-

199 2747 307 2767 corum
342 2748 445 2778 neque
475 2739 506 2768 111
536 2738 666 2778 reliquis
695 2738 932 2768 commentariis
962 2738 1130 2778 quicquam
1160 2738 1282 2768 rettulit
1314 2748 1353 2768 ex
1383 2738 1462 2768 libro
1495 2739 1678 2779 episcopali.
1725 2738 1843 2769 Contrav

200 2787 326 2828 quidem
353 2788 432 2818 dixit
458 2788 656 2819 Dnchesnius
682 2790 754 2827 (vol.
775 2789 787 2818 Ι
814 2800 842 2830 p.
860 2789 921 2819 LII
936 2789 1017 2830 seqj)
1042 2789 1240 2820 contendens
1273 2790 1459 2820 laterculum
1493 2791 1714 2832 episcoporum
1741 2790 1841 2820 Tui-o>

199 2840 342 2870 nensium
372 2839 502 2870 historia
531 2840 585 2870 illa
614 2840 878 2883 comprehensum
910 2842 1044 2881 (10,31)
1070 2842 1239 2871 formatum
1270 2852 1340 2872 esse
1370 2841 1410 2872 ad
1442 2843 1625 2883 exemplum
1652 2842 1842 2883 episcopalis
