2245 3213
448 174 532 199 LXVI

511 261 681 292 walll.

579 312 680 343 LXX.

564 364 685 395 LXXI.

545 415 682 446 LXXII.

529 569 682 600 LXXIII.

511 621 680 652 LXXIIIl.

549 673 682 703 LXXV.

528 724 680 756 Lxxvl.

512 828 682 859 LXXVII.

500 880 681 911 LXXVIII.

480 932 683 963 LXXYllII.

546 983 682 1015 LXXX.

529 1035 683 1067 LXXXI.

513 1087 683 1118 LXXXII.

499 1139 686 1170 LXXXIII.

477 1191 683 1222 LXXXIIIl.

516 1243 684 1274 LXXXV.

498 1295 681 1325 LXXXVI,

484 1347 684 1377 LXXXVII.

466 1398 686 1429 LXXXVIII.

452 1501 692 1532 LXXXVIIH.

619 1552 688 1584 XC.

555 1615 673 1646 Differt
700 1616 708 1646 l

525 1719 575 1750 III

510 1771 585 1802 XII.

494 1823 586 1853 XIII.

464 1875 588 1906 XVIII.

476 1927 584 1958 XXII.

464 1979 587 2010 XXVI.

416 2031 588 2062 XXXVII.

502 2083 579 2113 LXI

614 1824 708 1853 Soter

578 1744 583 1749 .
610 1719 760 1750 Clemens

611 1770 765 1801 Anicetus

613 1875 761 1906 Urbanus

611 1927 778 1957 Cornelius

612 1979 785 2020 Dionysius
818 1979 850 2009 in
875 1980 1039 2020 cymiterio
1065 1980 1187 2011 Callisti

613 2030 762 2061 Liberius

584 2108 589 2113 .
614 2082 751 2123 vigilius

1128 176 1413 204 PROLEGOMENA.

708 262 887 292 Bonifatius
914 262 992 293 1111:
1017 263 1058 293 ad
1083 263 1213 293 beatum
1238 263 1370 294 Petrum
1395 266 1586 305 apostolum.

706 313 901 344 Deusdedit:
928 314 968 344 ad
993 313 1123 344 beatum
1148 314 1280 345 Petrum
1306 316 1497 356 apostolum.

709 364 888 395 Bonifatius
904 364 946 394 Y:
973 364 1013 395 ad
1038 365 1169 396 beatum
1195 366 1326 396 Petrum
1350 367 1542 408 apostolum.

708 416 884 446 Honorius:
911 416 951 446 ad
974 416 1104 447 beatum
1130 417 1262 448 Petrum
1287 419 1468 459 apostolum
1485 419 1642 458 KGE4·⁶‚
1672 421 1703 450 in
1736 420 1870 451 basilica
1898 421 1985 451 beati
2011 420 2097 451 Petri

711 468 848 509 apostoli
869 467 896 499 C
902 467 975 507 ³151,
1000 468 1053 499 ubi
1071 479 1166 510 supra
1183 469 1210 500 1.
1228 469 1269 500 ll
1291 470 1307 509 (
1308 470 1511 509 interpolator
1525 471 1649 502 videtur
1664 472 1754 502 verba
1775 474 1842 511 171,
1859 485 1870 503 4
1893 473 1948 503 ubi
1970 472 2098 513 requic-

709 519 767 549 scit
790 518 945 549 rettulisse
968 520 1011 550 (ul
1034 520 1227 557 IIonorizcm)

709 570 894 601 chcriuus:
920 571 961 601 ad
986 571 1116 602 beatum
1142 572 1274 603 Petrum
1298 573 1489 614 apostolum.

706 622 866 653 Iohannes
890 623 971 653 1111:
997 623 1038 654 ad
1064 624 1194 654 beatum
1218 624 1351 655 Petrum
1376 625 1566 666 apostolum.

708 674 914 705 Theodorus:
940 675 981 705 ad
1006 675 1138 706 beatum
1163 676 1295 707 Petrum
1320 677 1511 717 apostolum.

704 725 858 756 Martinus
875 726 905 756 I:
941 726 1060 757 ibidem
1084 727 1276 768 (Ccrsonae)
1302 728 1399 758 vitam
1429 729 1531 759 finiuit
1560 729 1717 770 (sepultus
1746 730 1777 760 in
1806 729 1937 761 basilica
1970 733 2100 761 sanctae

706 777 827 808 Mariae
852 788 980 820 semper
1003 779 1132 819 virginis
1156 779 1230 811 add.
1249 779 1311 817 K).

706 828 870 870 Eugenius
894 830 923 860 I:
949 830 990 861 ad
1015 831 1146 861 beatum
1171 830 1304 862 Petrum
1328 832 1509 873 apostolum
1534 832 1579 873 (in
1605 832 1739 863 basilica
1762 833 1850 863 beati
1874 832 1962 864 Petri
1978 833 2043 871 K).

707 880 902 912 Vitalianus:
929 882 969 912 ad
994 882 1125 913 beatum
1149 882 1283 913 Petrum
1308 884 1500 924 apostolum.

709 932 914 964 Adeodatus:
940 934 980 964 ad
1005 935 1136 965 beatum
1160 935 1292 966 Petrum
1317 936 1507 976 apostolum.

707 984 832 1015 Donus:
858 985 899 1016 ad
923 986 1054 1016 beatum
1080 986 1213 1017 Petrum
1238 987 1428 1028 apostolum.

708 1035 854 1076 Agatho:
880 1037 921 1068 ad
945 1037 1074 1068 beatum
1100 1038 1233 1069 Petrum
1259 1039 1448 1080 apostolum.

708 1088 777 1119 Leo
802 1088 848 1119 Il:
875 1088 915 1119 ad
941 1089 1070 1120 beatum
1097 1090 1228 1121 Petrum
1253 1091 1445 1131 apostolum.

710 1139 906 1171 Benedictus
930 1142 975 1172 II:
1001 1142 1041 1172 ad
1065 1143 1196 1173 beatum
1221 1143 1354 1173 Petrum
1379 1143 1570 1184 apostolum.

709 1191 871 1223 Iohannes
888 1193 931 1223 V:
957 1193 997 1224 ad
1021 1193 1152 1224 beatum
1176 1194 1309 1225 Petrum
1334 1196 1525 1236 apostolum.

710 1243 837 1274 Conon:
863 1244 905 1275 ad
928 1245 1059 1276 beatum
1084 1246 1215 1277 Petrum
1240 1247 1432 1287 apostolum.

709 1295 854 1336 Sergius:
880 1297 910 1327 iu
935 1297 1069 1328 basilica
1093 1298 1180 1329 beati
1206 1298 1293 1329 Petri
1317 1299 1464 1340 apostoli.

709 1348 869 1379 Iohannes
886 1348 947 1379 Vl:
973 1349 1014 1380 ad
1038 1350 1169 1381 beatum
1197 1351 1325 1381 Petrum
1351 1351 1532 1392 apostolum
1553 1350 1598 1387 ll,
1615 1350 1685 1388 HL
1709 1360 1767 1380 om.
1786 1350 1814 1380 I.

712 1399 872 1430 Iohannes
889 1400 968 1430 VH.-
994 1401 1034 1431 ad
1059 1401 1189 1432 beatum
1209 1402 1340 1432 Petrum
1365 1402 1545 1443 apostolum
1563 1405 1637 1432 ante
1659 1402 1759 1432 altare
1777 1404 1906 1431 sanctae
1931 1400 1983 1431 dei
2000 1410 2099 1441 gene-

712 1451 797 1481 tricis
814 1451 969 1481 1))’2-3·4Ε’ι
987 1453 1008 1491 ⁸,
1032 1463 1088 1483 om.
1112 1453 1236 1492 reliqui.

716 1501 884 1533 Sisinnius:
910 1503 951 1534 ad
975 1504 1106 1534 beatum
1132 1505 1262 1535 Petrum
1287 1506 1467 1546 apostolum
1485 1505 1681 1542 B2·³·⁴¹E¹·⁰,
1706 1516 1763 1536 om.
1789 1504 1911 1543 reliqui.

715 1553 954 1586 Constantinus:
982 1555 1023 1586 ad
1048 1557 1178 1587 beatum
1203 1557 1334 1587 Petrum
1357 1557 1539 1598 apostolum
1556 1556 1778 1593 B2·³·4E¹·⁶·7,
1802 1567 1858 1587 om.
1883 1555 2006 1595 reliqui.

712 1615 872 1646 aterculus
896 1616 927 1646 in
951 1616 1037 1647 libris
1057 1616 1119 1648 PE
1138 1621 1283 1648 servatus
1307 1628 1325 1648 a
1349 1617 1528 1648 Pontificali
1552 1617 1583 1648 in
1606 1617 1668 1648 his:

1111 1669 1231 1708 Pontis'.
1723 1668 1776 1699 lat.
1800 1679 1863 1707 sep.

1486 1721 1517 1752 in
1542 1721 1640 1751 Portu
1664 1721 1695 1751 in
1718 1720 1798 1751 mari

1487 1773 1518 1803 in
1542 1773 1708 1814 cymiterio
1733 1772 1857 1802 Callisti
1880 1780 1949 1801 cum
1967 1770 1999 1801 P

1489 1825 1519 1855 in
1544 1824 1708 1865 cymiterio
1733 1823 1856 1854 Callisti
1879 1833 1949 1853 cum
1966 1822 1997 1852 P

1489 1877 1519 1906 in
1543 1877 1607 1907 mil.
1623 1876 1671 1906 VI
1695 1876 1746 1906 via
1768 1875 1973 1906 Nomentana

1487 1929 1538 1959 via
1562 1928 1694 1959 Aurelia

1490 1981 1541 2011 via
1565 1980 1697 2011 Aurelia

1491 2032 1531 2062 ad
1546 2035 1688 2063 sanctam
1701 2031 1904 2062 Felicitatem
1918 2030 1969 2060 via
1981 2029 2104 2060 Salaria

1489 2084 1519 2114 in
1544 2083 1709 2125 cymiterio
1730 2082 1893 2117 Priscillae
1912 2082 1962 2112 via
1980 2081 2104 2111 Salaria

816 1720 848 1750 in
872 1719 1005 1751 Grecias

817 1772 848 1801 in
864 1771 1022 1802 Vaticano
1043 1772 1113 1803 FK

818 1824 848 1853 in
864 1823 1022 1854 Vaticano
1041 1824 1110 1854 ΓΚ

819 1876 849 1906 in
874 1886 954 1916 cym.
981 1876 1182 1906 Praetextati
1207 1877 1258 1907 via
1282 1876 1389 1918 Appia

819 1927 908 1957 iuxta
932 1928 1131 1969 cymiterium
1157 1928 1279 1959 Callisti

822 2031 872 2061 via
887 2031 1011 2061 Salaria
1027 2032 1057 2062 in
1072 2032 1236 2073 cymiterio
1251 2032 1414 2063 Priscillae

823 2082 864 2113 ad
877 2086 1019 2113 sanctum
1031 2083 1219 2114 Marcellum
1232 2084 1283 2115 via
1298 2084 1422 2115 Salaria

558 2143 747 2173 Laterculus
771 2144 989 2184 sepulcrorum
1016 2155 1208 2185 quamquam
1233 2144 1303 2175 libri
1328 2145 1518 2185 pontificalis
1536 2144 1696 2175 secundae
1715 2153 1841 2184 quoquc
1867 2142 2014 2173 editionis
2038 2144 2103 2171 ter-

455 2196 555 2225 minos
584 2194 712 2225 excedit
742 2194 888 2236 adeoque
914 2195 943 2225 in
969 2196 1126 2237 episcopis
1156 2198 1199 2226 12.
1225 2198 1257 2227 13
1289 2199 1429 2226 mutatus
1453 2197 1493 2226 sit
1516 2206 1648 2227 necesse
1673 2198 1721 2226 cst
1745 2194 1785 2225 ad
1809 2194 2005 2225 Pontificalis
2031 2192 2099 2223 edi-

457 2248 575 2277 tionem
600 2246 827 2287 posteriorem.
853 2257 988 2287 quacum
1018 2247 1165 2283 traditur,
1192 2248 1396 2278 nihilominus
1421 2251 1542 2278 tantum
1577 2247 1683 2280 abest.
1712 2250 1747 2277 ut
1775 2257 1816 2277 ex
1845 2245 2021 2276 Pontificali
2046 2255 2102 2275 ex-

456 2303 583 2339 cerptus
607 2298 656 2332 sit,
681 2305 714 2328 ut
738 2298 908 2328 verisimile
933 2299 972 2329 sit
997 2299 1152 2330 eiusmodi
1177 2299 1286 2329 indicis
1304 2300 1480 2341 exemplar,
1498 2300 1618 2330 scilicet
1635 2298 1834 2329 emendatius
1852 2298 1975 2335 nostris,
1999 2296 2100 2337 primo

456 2350 649 2380 pontificalis
677 2350 799 2380 auctori
827 2354 955 2391 praesto
985 2351 1082 2381 fuisse
1113 2362 1250 2393 cumque
1284 2352 1519 2393 sepulturarum
1544 2352 1629 2382 locos
1658 2350 1732 2382 inde
1756 2350 1908 2381 hausisse.
1955 2348 2036 2380 Nam
2061 2347 2101 2378 dc

455 2402 625 2442 sepulturis
649 2401 825 2431 Alexandri
850 2405 882 2432 et
906 2402 1025 2433 Urbani
1052 2403 1218 2433 traduntur
1242 2403 1335 2433 llaec:

552 2457 672 2496 Pontis.
922 2459 983 2488 tas).
1007 2470 1069 2497 sep.
1511 2458 1670 2498 martyrol.
1696 2458 1713 2488 I
1714 2458 1729 2488 Ι
1732 2458 1823 2488 ieron.

459 2509 647 2539 Alexander
672 2509 721 2539 via
820 2510 850 2540 in
875 2510 1008 2540 miliario
1027 2511 1073 2541 Vl
1098 2511 1149 2541 via
1233 2512 1315 2542 Mai.
1331 2514 1366 2540 5¹:
1390 2510 1514 2541 Romae
1539 2510 1645 2541 natale
1670 2509 1784 2540 Eventi
1802 2507 1979 2539 Alexandri
1996 2507 2103 2537 Theo-

502 2560 705 2590 Nomentana
863 2561 1068 2592 Nomentana
1298 2562 1362 2593 doli
1375 2561 1410 2603 ¹).

504 2612 567 2642 mil.
585 2612 645 2641 Yll
864 2614 1053 2644 Alexander

462 2663 651 2693 I'rbanusin
667 2664 764 2704 cymi-
821 2664 863 2703 [in
888 2665 1043 2695 cimiterio
1070 2665 1170 2696 Prac-
1232 2666 1315 2697 Mai.
1331 2666 1389 2696 25.-
1419 2665 1470 2695 via
1500 2664 1703 2695 Nomentana
1726 2664 1790 2694 mil.
1807 2662 1887 2693 VIII
1912 2660 2018 2691 natale
2043 2659 2103 2690 Ur-

504 2714 583 2744 tcrio
612 2714 764 2745 I’raetcx-
863 2716 988 2757 textatil
1297 2717 1370 2747 bani
1395 2716 1536 2757 episcopi
1560 2715 1590 2745 in
1615 2715 1779 2756 cymiterio
1805 2712 2012 2745 Praetextati.

506 2766 562 2795 tati
587 2765 637 2795 via
660 2765 767 2806 Appia
825 2767 970 2798 Urbanus

567 2840 585 2869 ¹)
607 2840 682 2863 Lib-¹1·
703 2841 837 2864 norm-usis
857 2841 1024 2873 interpolatus
1052 2846 1107 2873 post
1126 2842 1223 2866 Romae
1246 2842 1333 2866 inserit
1354 2841 1430 2865 verba
1448 2841 1489 2865 ria
1508 2840 1671 2865 Nomentana
1690 2840 1742 2864 mil.
1760 2839 1828 2871 Vll,
1846 2843 1904 2872 post
1922 2839 2009 2863 natale
2028 2839 2106 2863 verba

461 2888 606 2907 sancwrum
626 2882 763 2907 Iuvenalis.
