2245 3213
402 203 464 229 xlx·
1084 201 1364 227 PROLEGOMENA.

502 290 663 320 Feliciuna
685 289 832 320 editionis
855 288 968 330 prioris
987 288 1127 328 epitome
1153 287 1270 317 tradita
1287 297 1350 317 una
1367 297 1438 318 cum
1456 286 1579 327 sylloge
1597 295 1753 317 canonum
1771 286 2046 317 Sanctimauriana

400 342 534 372 foi-nnita
565 342 595 372 in
620 341 724 372 Gallia
754 354 778 372 e.
796 352 824 371 a.
850 342 910 370 541.)
942 339 1009 370 finit
1041 339 1072 369 in
1096 338 1205 369 Felice
1223 338 1266 368 lv
1293 338 1328 379 (ἢ
1351 340 1441 373 530).
1488 337 1532 368 At
1561 337 1705 379 syllegae
1737 338 1804 368 eius
1834 347 1916 379 quae
1945 337 2046 368 habe-

399 403 468 423 mus
502 393 699 434 exemplaria
731 393 825 433 longe
857 391 1036 421 recentiora
1071 393 1143 420 sunt
1175 390 1292 431 scripta
1321 400 1405 421 saec.
1429 389 1509 420 VIII
1533 389 1584 419 vel
1608 388 1666 428 IX,
1690 399 1795 431 neque
1821 392 1954 429 constat,
1985 399 2046 430 quo

399 453 543 486 tempore
568 445 710 485 syllegae
736 445 765 474 ei
789 444 929 485 epitome
954 443 1034 472 haec
1059 441 1209 472 adiuncta
1233 442 1282 472 sit.

502 496 651 537 Epitonie
679 496 781 526 altera
809 505 879 525 cuin
908 494 997 524 finiat
1029 494 1061 524 in
1089 493 1221 524 Conone
1251 493 1285 533 (†
1302 492 1389 533 687),
1425 492 1499 523 inde
1530 496 1565 522 ut
1594 496 1682 523 recte
1713 492 1881 533 colligetur
1915 492 2046 533 plenum

400 548 582 588 exemplum
601 547 640 577 ab
659 547 871 588 epitomatore
897 545 1157 587 compendiatum
1181 544 1223 575 ad
1248 554 1321 575 eum
1346 544 1532 585 episcopum
1556 544 1751 585 pervenisse,
1775 544 1820 574 ita
1842 553 2047 585 nequaquam

399 599 429 629 id
458 599 595 640 pertinet
624 598 664 629 ad
696 598 889 629 Pontifiealis
919 597 1093 628 editionem
1122 597 1278 638 priorem:
1313 606 1387 626 uam
1418 596 1449 626 in
1479 595 1624 626 codicum
1655 595 1806 633 elencho,
1841 606 1935 637 quem
1967 596 2048 626 infra

399 650 558 680 dabimus
598 650 869 681 demonstrabitur
909 650 1072 690 epitomen
1108 659 1179 679 eam
1214 647 1462 678 contaminatam
1496 657 1567 678 esse
1602 657 1643 677 ex
1683 647 1876 678 editionibus
1914 647 2047 679 duabus

400 701 515 732 ,Pi-ioris
533 701 679 732 editionis
697 701 833 742 vestigia
857 700 996 731 ostendit
1020 700 1192 731 laterculus
1217 700 1298 730 infra
1322 699 1525 740 compositus,
1550 708 1613 729 non
1637 709 1825 740 comparere
1848 700 1880 730 in
1905 700 2044 741 epitome

398 761 468 794 post
494 753 647 794 Yigilinm
672 758 703 784 et
727 752 875 783 desinunt
898 754 1038 783 fortasse
1064 753 1126 783 iam
1151 755 1245 783 antea
1274 751 1397 793 paulIO,
1426 750 1459 781 id
1483 753 1532 781 est
1555 751 1637 781 circa
1661 750 1777 781 eadem
1801 754 1962 792 tempora,
1994 751 2049 782 ubi

399 804 513 835 desinit
537 804 712 836 Feliciana.

502 856 538 887 Id
562 857 665 898 ipsum
693 857 817 887 obtinet
840 856 880 887 de
913 856 1107 887 recensionis
1139 855 1253 897 prioris
1277 854 1435 896 reliquiis,
1466 863 1544 895 quas
1573 857 1702 884 servant
1730 853 1803 884 libri
1831 855 2046 886 contaminati.

399 908 495 939 Certe
524 919 594 939 eum
623 908 663 939 ad
694 912 834 939 aetatem
864 908 931 938 fere
962 907 1253 938 Theodericianam
1281 906 1390 937 classis
1424 905 1538 936 tertiae
1566 905 1640 936 libri
1669 905 1746 936 locis
1777 915 1840 936 non
1867 906 1912 936 ita
1938 907 2048 948 paucis

399 961 528 990 mutatis
546 961 595 991 vel
620 960 752 991 adiectis
777 971 795 990 a
818 959 1005 990 melioribus
1030 958 1206 997 discedant,
1232 959 1317 988 vitae
1342 957 1537 999 posteriores
1560 967 1619 999 per
1641 957 1739 988 libros
1763 960 1920 999 quotquot
1937 961 2049 989 extant

399 1017 487 1042 tanta
518 1012 748 1053 aequabilitate
785 1011 972 1050 decurrunt,
1008 1014 1043 1041 ut
1076 1010 1157 1041 hanc
1189 1013 1314 1051 partem
1350 1009 1517 1040 evidenter
1551 1012 1708 1050 appareat
1743 1009 2048 1040 contaminationem

398 1063 518 1094 nullam
541 1063 685 1094 subiisse.

502 1115 616 1157 Itaque
648 1126 719 1146 cuni
749 1118 903 1156 excerpta
932 1118 1024 1145 terna
1052 1114 1173 1155 pariter
1201 1113 1327 1144 finirent
1356 1113 1439 1144 circa
1469 1116 1616 1155 tempora
1644 1112 1913 1153 Theodericiana,
1944 1113 2049 1154 potuit

400 1166 499 1197 videri
523 1167 664 1198 decisum
689 1177 758 1197 esse
783 1167 823 1197 de
848 1167 984 1197 termino
1003 1165 1152 1197 editionis
1177 1166 1299 1207 prioriS,
1324 1175 1460 1206 eamque
1482 1165 1598 1195 aetatis
1622 1164 1923 1196 determinationem
1948 1165 2049 1196 secuti

400 1224 484 1252 sunt,
514 1224 548 1249 ut
577 1219 728 1256 diximus,
761 1223 792 1249 et
821 1219 873 1249 alii
904 1219 995 1249 multi
1019 1221 1051 1249 et
1079 1228 1182 1259 nuper
1205 1217 1418 1248 Duohesnius.
1469 1216 1536 1247 Sed
1562 1226 1626 1247 non
1655 1217 1732 1247 satis
1762 1215 1967 1247 attenderunt
1991 1217 2049 1247 viri

400 1270 484 1301 docti
509 1270 550 1301 ad
575 1271 829 1301 coniunctionem
854 1271 1018 1312 epitomae
1044 1280 1115 1301 cum
1139 1279 1296 1300 canonum
1320 1269 1445 1310 sylloge
1471 1268 1756 1300 Sanctimauriana.
1801 1268 1883 1299 Eam
1907 1279 1971 1299 non
1995 1269 2048 1310 qui

400 1322 554 1361 condidit,
592 1322 648 1353 sed
679 1323 855 1364 posteriore
890 1327 1052 1363 tempore,
1086 1321 1215 1352 saeculo
1249 1321 1362 1362 opinor
1394 1324 1522 1360 octavo,
1559 1320 1611 1362 qui
1642 1321 1710 1351 eius
1743 1320 1928 1362 exemplum
1962 1320 2048 1359 feeit,

400 1378 510 1404 nactus
528 1374 723 1405 Pontificalis
749 1374 922 1405 editionem
947 1374 1086 1415 priorem
1110 1373 1230 1404 adiecit
1254 1373 1284 1404 ei
1308 1383 1423 1414 corpus
1446 1372 1584 1403 vitarum
1607 1382 1670 1403 non
1694 1372 1864 1413 integrum,
1888 1372 1946 1403 sed
1970 1382 2048 1414 qua-

400 1433 491 1457 tenus
515 1426 556 1456 ad
579 1427 725 1467 syllogen
749 1437 821 1457 eam
845 1426 922 1457 utile
947 1429 1042 1464 esset,
1066 1426 1175 1467 itaque
1200 1435 1272 1456 cum
1289 1424 1569 1456 animadvertisset
1584 1424 1616 1455 in
1632 1424 1756 1466 sylloge
1773 1423 2048 1455 Sanctimauriana

401 1478 552 1519 epistulas
576 1479 759 1519 pontificum
785 1478 1003 1509 Romanorum
1026 1477 1128 1508 nullas
1152 1477 1287 1518 reperiri
1310 1477 1505 1518 posteriores
1530 1476 1722 1518 Symmacho
1747 1477 1781 1516 (†
1799 1476 1874 1517 514)
1899 1479 1932 1507 et
1949 1475 2048 1507 Boni-

400 1530 476 1560 fatio
501 1530 533 1561 Π
565 1532 599 1571 tf}-
625 1530 716 1571 532),
750 1534 784 1561 ut
813 1530 876 1560 alia
905 1530 1006 1560 multa
1037 1529 1156 1568 omisit,
1189 1529 1234 1560 ita
1264 1529 1477 1570 posteriorem
1507 1531 1633 1570 partem
1665 1528 1792 1559 abicere
1824 1530 1857 1559 et
1886 1528 1990 1570 potuit
2019 1531 2051 1559 et

402 1582 522 1613 debuit.
547 1582 587 1612 ad
604 1582 799 1612 Bonifatium
816 1582 848 1612 ΙΙ
871 1592 934 1612 non
952 1582 1027 1612 satis
1045 1580 1225 1612 attendens.
1264 1580 1356 1611 Haec
1375 1583 1423 1611 est
1440 1581 1593 1622 epitome,
1617 1579 1702 1610 unde
1726 1580 1968 1622 proficiscuntur
1992 1590 2049 1610 ex-

400 1638 508 1676 cerpta
534 1634 586 1665 illa
611 1638 716 1672 terna,
746 1644 880 1675 quorum
904 1637 991 1665 certe
1014 1633 1180 1664 Feliciana
1205 1636 1237 1663 et
1261 1632 1462 1672 Cononiana,
1491 1632 1627 1663 fortasse
1652 1632 1729 1662 item
1754 1642 1836 1673 quae
1860 1632 1891 1662 in
1915 1632 2050 1662 classem

401 1687 527 1716 tertiam
558 1690 690 1727 recepta
719 1690 792 1716 sunt
820 1686 903 1716 infra
932 1685 1111 1716 videbimus
1140 1685 1186 1716 ita
1214 1688 1402 1726 comparata
1433 1694 1521 1724 esse,
1552 1687 1588 1715 ut
1618 1694 1681 1715 non
1710 1694 1752 1715 ex
1778 1684 1848 1725 ipso
1872 1683 2051 1714 Pontificali

401 1738 480 1768 sumi
505 1738 677 1779 potuerint,
701 1737 759 1768 sed
779 1748 821 1768 ex
842 1738 1001 1768 breviario
1020 1737 1087 1768 eius
1110 1737 1147 1768 iis
1165 1747 1247 1778 quae
1265 1737 1421 1768 habemus
1438 1736 1604 1778 ampliore.
1644 1736 1696 1766 Ita
1712 1745 1883 1766 consensus
1905 1734 1960 1766 ille
1976 1745 2051 1777 pro-

400 1789 541 1820 babilem
572 1790 822 1830 explicationem
856 1789 990 1820 habebit
1020 1800 1124 1831 neque
1155 1799 1213 1830 per
1242 1799 1314 1820 eum
1345 1788 1563 1830 praecluditur
1590 1788 1750 1830 inquisitio
1780 1787 1820 1818 de
1851 1787 1950 1829 ipsius
1980 1786 2052 1818 libri

401 1841 590 1882 pontificalis
614 1842 760 1872 termino.
799 1841 886 1872 Vere
912 1841 951 1872 de
977 1841 1118 1872 editione
1142 1841 1248 1882 priore
1274 1851 1355 1882 quae
1384 1840 1584 1880 rescivimus,
1609 1839 1669 1870 hoc
1693 1839 1795 1870 solum
1820 1839 2050 1877 demonstrant,

402 1892 487 1933 quod
511 1892 784 1923 demonstratione
808 1903 872 1924 non
894 1892 1027 1934 indiget,
1053 1903 1124 1924 eam
1149 1903 1212 1923 non
1236 1892 1393 1934 prodiisse
1419 1895 1493 1923 ante
1518 1891 1641 1923 obitum
1665 1890 1867 1922 Theoderici.

503 1944 554 1975 De
579 1948 724 1986 tempore
754 1945 858 1975 factae
889 1944 1037 1976 editionis
1065 1944 1225 1976 secundae
1255 1945 1391 1976 certiora
1414 1944 1551 1986 proferri
1574 1946 1724 1985 possunt:
1755 1953 1794 1974 ea
1821 1942 1970 1973 absoluta
1993 1941 2052 1972 fuit

402 1995 535 2026 sedente
561 1995 692 2027 Conone
718 1997 804 2036 (686.
830 1998 914 2035 657).

504 2048 570 2078 Aut
597 2049 628 2078 in
661 2048 804 2079 Iohanne
828 2048 858 2079 V
888 2052 943 2079 aut
969 2049 1001 2079 in
1030 2059 1214 2080 successore
1244 2049 1311 2079 eius
1340 2047 1471 2079 Conone
1501 2047 1640 2078 finivisse
1675 2045 1819 2077 codicem
1854 2055 1965 2076 eorum
1999 2045 2052 2087 qui

402 2099 497 2130 hodie
523 2103 636 2131 extant
666 2101 919 2142 antiquissimum
943 2100 1194 2142 Neapolitanum
1210 2100 1259 2131 B1
1283 2102 1408 2132 constat
1438 2109 1480 2130 ex
1508 2098 1612 2130 indice
1644 2098 1866 2140 episcoporum
1897 2097 1926 2128 ei
1956 2106 2050 2139 prae-

402 2152 518 2193 scripto
554 2152 762 2193 perveniente
799 2152 839 2183 ad
874 2153 1060 2194 episcopum
1088 2153 1176 2183 illum
1211 2153 1315 2194 spatio
1348 2154 1422 2194 post
1450 2160 1568 2182 nomen
1597 2160 1697 2181 vacuo
1725 2149 1848 2181 relicto.
1898 2147 1993 2184 Quod
2027 2148 2053 2179 si

403 2213 519 2242 sumas,
544 2202 629 2244 quod
653 2206 740 2234 certe
765 2204 846 2234 sumi
869 2207 986 2246 potest,
1013 2215 1206 2246 quamquam
1230 2207 1363 2246 propter
1380 2203 1555 2245 scripturae
1580 2204 1721 2233 aetatem
1745 2211 1858 2243 parum
1881 2200 2050 2242 probabile

404 2259 467 2285 est.
499 2254 614 2285 librum
644 2254 738 2285 hodie
762 2256 908 2286 mutilum
932 2256 1064 2287 ulterius
1088 2257 1297 2298 processisse,
1331 2254 1417 2297 quod
1441 2254 1481 2286 de
1505 2255 1574 2296 ipso
1598 2264 1662 2285 non
1686 2253 1786 2291 valet,
1811 2251 1851 2283 de
1875 2251 2050 2293 archetypo

406 2307 472 2336 eius
497 2306 664 2337 obtinebit.

506 2358 587 2388 Item
623 2357 739 2388 codicis
768 2358 921 2389 Lucensis
951 2359 981 2389 in
1014 2359 1114 2390 classe
1139 2359 1241 2400 prima
1269 2359 1410 2400 primarii
1438 2368 1632 2400 quamquam
1664 2367 1778 2398 corpus
1809 2356 1945 2386 vitarum
1975 2363 2051 2385 con-

406 2410 524 2440 tinuum
550 2410 616 2440 finit
640 2409 671 2439 in
697 2408 904 2441 Constantino
931 2410 1142 2451 (ms—715),
1172 2410 1297 2442 videtur
1319 2411 1345 2441 is
1369 2410 1547 2452 descriptus
1572 2419 1643 2440 esse
1668 2419 1710 2440 ex
1733 2408 1908 2449 archetypo
1931 2405 2052 2447 pariter

404 2459 444 2490 ad
462 2460 625 2491 Cononem
651 2460 813 2503 perducto.
855 2461 984 2492 Scilicet
1008 2461 1094 2503 quod
1115 2463 1239 2503 corpori
1257 2463 1286 2493 ei
1301 2462 1345 2493 ibi
1361 2462 1575 2503 subscriptum
1599 2463 1648 2491 est
1670 2470 1767 2491 manu
1783 2458 1968 2497 miniatoris,
1995 2456 2054 2488 sed

404 2512 560 2552 aequalis:
592 2512 682 2545 law,
709 2524 805 2552 usque
832 2512 1039 2544 CXXVIII]
1066 2514 1145 2543 anni
1173 2516 1248 2544 ,ςιιηΐ
1271 2513 1354 2552 quod
1375 2513 1578 2553 Lanaobardi
1607 2514 1757 2543 venerunt
1787 2513 1815 2541 et
1835 2509 1904 2541 VII
1924 2519 2050 2545 menses,

405 2574 598 2604 quamquam
627 2565 777 2605 scriptum
808 2568 857 2595 est
885 2568 957 2606 post
989 2564 1189 2595 Constantini
1219 2565 1332 2604 vitam,
1357 2564 1398 2595 ad
1423 2575 1495 2596 eum
1519 2575 1582 2595 non
1606 2566 1693 2594 recte
1717 2563 1868 2600 refertur,
1898 2571 1962 2592 non
1986 2563 2052 2591 tam

406 2620 577 2656 propterea
604 2615 687 2656 quod
712 2616 755 2646 ita
779 2616 979 2658 ambigimus,
996 2620 1102 2647 utrum
1121 2617 1291 2647 creationis
1307 2626 1407 2647 annus
1423 2615 1659 2657 intellegendus
1682 2615 1722 2645 sit
1746 2624 1786 2644 an
1808 2613 1928 2652 mortis,
1954 2621 2050 2654 quam

406 2666 491 2707 quod
516 2677 614 2696 annus
644 2667 685 2696 itu
711 2668 844 2698 effectus
868 2668 934 2698 sive
960 2669 1115 2699 musiva
1149 2670 1209 2699 586
1241 2667 1282 2698 ad
1311 2667 1599 2709 Langobardorum
1634 2666 1806 2697 adventum
1835 2664 1922 2695 nullo
1956 2662 2051 2694 modo

511 2795 528 2824 ¹)
551 2795 654 2819 Lineola
672 2804 747 2826 snper
766 2805 778 2819 c
799 2797 897 2821 videtur
916 2805 977 2821 casn
997 2797 1095 2821 adiecta
1113 2804 1179 2825 essm
1202 2801 1269 2820 certe
1294 2797 1343 2828 legi
1368 2805 1418 2820 non
1443 2800 1525 2829 potest
1547 2804 1604 2820 cuni
1631 2794 1777 2819 Duchesnio
1796 2794 1875 2823 hunc,
1892 2793 1960 2824 qnod
1980 2800 2052 2818 num-

406 2848 481 2871 quam
501 2839 536 2861 sic
557 2839 695 2862 breviatur.
