2245 3213
432 212 505 238 XXX
1120 208 1400 235 PROLEGOMENA.

431 298 644 340 deprchcinli.
675 299 727 339 qui
755 298 926 328 utilitatem
956 297 1096 337 aliquam
1123 295 1268 326 haberet.
1300 313 1337 317 —
1369 294 1580 337 Exemplaria
1608 305 1689 337 quae
1724 296 1885 337 composui
1908 306 1971 327 non
2001 307 2077 338 pro—

431 351 524 381 ticisci
548 362 565 380 υ
583 350 760 381 Pontificali
786 348 928 379 declarat
952 348 1019 388 ipsa
1044 350 1134 377 aetas
1158 346 1303 377 codicum
1328 350 1360 377 et
1384 347 1486 387 magis
1510 347 1607 377 etiam
1631 347 1837 388 syllogarum,
1862 348 1976 389 quibus
2000 358 2076 379 con-

431 403 582 435 tinentur.
608 406 641 432 nt
665 401 826 431 mittamus
850 399 1041 429 Anaclctum
1066 399 1097 428 in
1120 397 1343 429 Pontificalem
1372 398 1487 429 librum
1511 408 1680 440 perperam
1704 402 1885 440 receptum,
1916 400 1947 430 in
1979 400 2077 431 later-

431 454 507 484 culis
537 454 597 483 illis
630 456 715 483 recte
745 451 953 493 praeteritum
984 450 1110 491 aliaque
1140 450 1253 480 similia
1282 460 1358 480 vera
1387 450 1584 491 antiquitatis
1616 450 1747 489 indicia,
1778 450 1818 481 de
1853 451 1967 492 quibus
1997 452 2078 482 iufra

431 505 561 535 dit-etur.
597 504 682 534 Ycrc
701 504 856 544 originem
880 502 999 533 ducunt
1015 501 1132 532 Indicis
1149 502 1349 543 exemplaria
1373 512 1455 543 quae
1473 505 1643 543 supersunt
1660 512 1701 533 ex
1718 502 1903 543 corporibus
1920 513 2076 534 canonum

430 556 653 597 synodicorum
672 558 703 585 et
721 554 925 585 decretorum
949 553 1177 595 pontificalium
1202 552 1377 583 secundum
1400 553 1516 583 seriem
1539 553 1724 594 pontificum
1748 553 1976 596 dispositorum
1999 555 2077 586 inci-

431 608 583 648 pientium
613 607 652 637 ab
681 606 769 636 initio
799 606 918 637 saeculi
935 605 997 637 VI:
1023 616 1062 636 ca
1086 604 1243 636 eiusmodi
1272 604 1462 635 laterculum
1485 605 1605 646 pariter
1628 605 1794 646 requirunt
1816 609 1913 647 atque
1943 617 2079 648 corpora

430 659 688 689 constitutionum
711 658 940 699 imperatorum
974 657 1027 699 (cf.
1054 657 1161 688 chron.
1186 657 1260 687 min.
1285 657 1348 687 vol.
1366 657 1384 686 3
1408 666 1438 697 p.
1457 657 1541 694 412).
1587 656 1639 686 Ex
1668 657 1784 688 nostris
1813 658 1952 699 quinque
1983 662 2016 689 et
2047 659 2079 689 iu

430 712 477 741 liis·
496 711 709 741 vetustissima
726 720 872 751 quaeque
899 709 921 740 I.
940 710 981 740 II.
1000 709 1059 741 111.
1077 709 1135 740 IV.
1153 709 1217 739 VII
1241 719 1283 739 ex
1299 708 1367 739 eius
1391 708 1519 749 generis
1536 707 1722 749 corporibus
1739 712 1864 739 constat
1880 709 2078 740 descendere

430 769 461 792 vt
492 763 613 804 reliqua
639 772 766 803 quoquc
791 772 832 791 cx
857 761 1012 791 similibus
1036 761 1167 802 syllogis
1191 760 1347 801 proficisci
1370 759 1537 800 probabile
1562 762 1621 789 est.
1661 758 1760 800 Origo
1784 760 1880 801 igitur
1904 761 2079 792 communis

430 816 593 845 continuat
619 813 704 855 quod
727 824 823 855 supra
849 813 1056 854 exposuimus
1081 812 1284 853 exemplaria
1307 810 1426 842 Indicis
1450 811 1557 841 omnia
1578 810 1682 841 redire
1707 810 1749 842 ad
1764 811 1851 842 idem
1867 812 2079 854 archetypum

429 866 564 897 subinde
589 866 816 897 continuatum.

538 929 561 957 l.
595 926 791 957 Arrasicusis
815 926 939 963 usi-14,
972 927 1068 955 antea
1092 923 1123 954 S.
1141 922 1289 954 Vedasti.
1315 922 1478 958 saec.1X;
1509 922 1608 953 index
1637 923 1832 964 praemissus
1862 928 1910 956 est
1933 925 2078 967 syllogae

430 988 586 1008 canonum
611 977 858 1013 Quesnelianae.
906 976 1018 1017 Spatia
1041 976 1154 1006 finiunt
1178 976 1209 1005 in
1232 975 1341 1006 Felice
1358 974 1408 1005 ΙΙΙ
1432 974 1536 1016 (492),
1559 975 1689 1005 nomina
1711 975 1743 1006 in
1760 975 1914 1007 Severino
1940 977 1973 1016 (†
1990 976 2079 1018 640).

430 1030 671 1071 praescribitur:
704 1029 826 1069 brcbffiffl
855 1029 1016 1059 nominum
1049 1028 1261 1066 episcopm-mn
1290 1027 1380 1057 urbis
1408 1026 1527 1057 Romae
1555 1026 1611 1066 qui
1639 1025 1778 1067 fuerunt
1805 1038 1826 1058 a
1854 1031 1961 1059 sancto
1985 1028 2079 1060 Petro

428 1082 500 1121 quis
522 1084 677 1120 (succulum
700 1081 788 1111 sedit.
835 1080 945 1111 Edidit
968 1080 1088 1121 primus
1110 1079 1314 1110 Duchesnius
1338 1089 1368 1120 p.
1390 1081 1437 1117 14,
1461 1078 1503 1109 ad
1528 1088 1623 1120 quem
1647 1079 1794 1120 repetivi.

534 1144 561 1172 2.
593 1141 796 1172 corbeiensis
821 1141 911 1181 olim,
937 1140 1052 1171 deinde
1078 1140 1109 1171 S.
1128 1139 1282 1171 Germani
1305 1150 1334 1170 n.
1353 1140 1431 1178 936,
1462 1139 1526 1170 iam
1549 1139 1711 1170 Parisinus
1741 1150 1771 1171 n.
1794 1141 1893 1171 12097
1918 1150 2002 1171 saec.
2021 1139 2078 1172 VI.

429 1193 649 1225 Praemittitur
672 1194 817 1235 syllogae
842 1203 997 1223 canonum
1022 1203 1104 1234 quae
1136 1192 1176 1223 ab
1205 1192 1268 1223 hoc
1291 1191 1401 1223 codice
1426 1191 1583 1233 appellari
1606 1192 1685 1222 solet
1708 1191 1873 1232 (Maassen
1899 1191 2026 1232 Quellen
2052 1194 2079 1230 1,

431 1246 517 1277 556).
553 1245 691 1276 Nomina
717 1248 748 1275 et
772 1245 875 1286 spatia
899 1245 1011 1275 finiunt
1034 1255 1053 1275 a
1076 1245 1178 1285 prima
1201 1254 1298 1274 manu
1321 1244 1353 1274 in
1368 1243 1543 1274 Hormisda
1567 1242 1600 1282 (†
1618 1242 1712 1283 523);
1737 1242 1864 1274 adiecta
1887 1246 1960 1274 sunt
1983 1254 2080 1274 manu

430 1297 555 1328 diversa
580 1297 709 1327 nomina
734 1299 766 1326 et
796 1296 869 1326 anni
904 1296 986 1337 (sine
1018 1295 1182 1326 mensibus
1215 1294 1408 1336 diebusque)
1441 1294 1482 1325 ad
1497 1294 1667 1336 vigilium,
1697 1294 1746 1325 cui
1777 1293 1892 1325 dantur
1920 1295 1995 1326 anni
2017 1305 2081 1326 non

431 1348 526 1379 xvll
554 1349 621 1387 toti,
646 1348 704 1379 sed
728 1347 949 1378 tantummodo
972 1346 1082 1377 XHJI.
1121 1347 1370 1378 Praescribitur:
1396 1346 1557 1387 incipiunt
1578 1346 1707 1377 nomina
1731 1345 1979 1385 apostolicorwn,
2004 1347 2080 1378 sub-

429 1400 576 1431 scribitur
600 1411 618 1430 a
635 1410 731 1431 manu
755 1399 850 1430 tertia
866 1409 929 1430 non
952 1399 1027 1429 noni
1051 1399 1180 1438 saeculi,
1205 1398 1262 1430 sed
1287 1398 1467 1439 (admonuit
1487 1396 1659 1439 Traubius)
1684 1397 1807 1428 duabus
1830 1398 1989 1439 prioribus
2013 1399 2081 1430 fere

429 1453 572 1494 aequali:
597 1452 634 1483 ab
651 1450 824 1490 apostoleca
847 1451 917 1481 sede
934 1450 1023 1481 Petri
1046 1450 1178 1490 apostoli
1200 1461 1299 1490 usque
1323 1450 1524 1481 ordenatione
1546 1449 1651 1480 sancti
1667 1448 1812 1480 Silvestrzss
1826 1449 1905 1480 anni
1925 1449 2006 1482 CCL
2014 1449 2082 1481 VH

431 1504 503 1543 (luti
529 1507 579 1534 est
599 1504 630 1534 in
653 1504 747 1534 litura
766 1514 785 1533 a
801 1512 898 1533 manu
922 1502 1072 1543 diversa).
1112 1502 1292 1533 Ediderunt
1307 1501 1462 1533 Mabillon
1484 1501 1604 1543 primus
1622 1501 1748 1542 (vetera
1763 1501 1911 1531 analecta
1927 1501 1978 1532 ed.
2002 1503 2081 1533 1682

432 1556 492 1586 vol.
511 1558 528 1585 3
553 1566 583 1597 p.
602 1557 673 1593 126,
706 1554 755 1585 ed.
779 1555 856 1585 1723
881 1565 911 1595 p.
929 1554 1005 1594 218)
1041 1556 1073 1584 et
1101 1553 1142 1584 ad
1166 1553 1310 1584 codicem
1333 1553 1507 1584 Duchesne
1531 1563 1562 1594 p.
1584 1554 1636 1588 163
1667 1551 1924 1594 photographice
1947 1563 2080 1595 reprae-

432 1611 639 1638 sentaverunt
666 1605 804 1636 Bastard
830 1606 997 1644 peintmrs
1020 1608 1048 1636 et
1077 1608 1256 1636 ornaments
1286 1605 1339 1636 des
1367 1605 1560 1636 manuscrits
1581 1604 1647 1635 tab.
1669 1605 1686 1634 7
1716 1603 1906 1645 (secundum
1932 1615 2082 1636 numera-

431 1660 550 1689 tionem
575 1669 667 1689 neeccs
683 1657 801 1689 Archiv
817 1658 935 1698 8,153)
961 1668 979 1688 a
996 1657 1127 1688 Gelasio
1153 1657 1193 1688 ad
1210 1657 1419 1688 Hormisdam
1443 1659 1476 1688 et
1500 1667 1519 1687 a
1542 1656 1652 1687 Marco
1678 1655 1753 1687 inde
1776 1655 1818 1686 ad
1839 1656 1936 1687 finem
1953 1656 2080 1698 Zange-

432 1711 564 1741 meister
587 1714 619 1741 et
635 1709 856 1740 Wattenbach
878 1709 910 1739 in
935 1709 1094 1750 exemplis
1117 1708 1209 1740 codd.
1226 1708 1298 1740 Lat.
1323 1708 1388 1740 tab.
1406 1710 1457 1740 40.

535 1773 563 1802 3.
596 1771 750 1801 Teatinus
782 1770 922 1811 origine,
947 1770 1010 1800 iam
1034 1769 1209 1800 Vaticanus
1241 1769 1372 1810 reginae
1396 1780 1425 1800 11.
1447 1770 1525 1800 1997
1550 1768 1684 1800 fortasse
1709 1778 1792 1799 saec.
1808 1767 1906 1807 VIII,
1938 1769 2083 1810 syllogae

433 1833 599 1860 canonum,
625 1832 706 1863 quae
724 1822 764 1852 ab
789 1822 850 1852 hoc
875 1821 984 1852 codice
1007 1821 1190 1863 appellatur
1206 1821 1370 1863 (Maassen
1390 1822 1410 1853 1.
1428 1831 1454 1853 c.
1479 1832 1508 1862 p.
1527 1820 1613 1860 526).
1651 1819 1756 1851 Index
1779 1820 1937 1861 reperitur
1958 1820 2083 1851 medius

432 1875 514 1905 inter
538 1874 671 1905 concilia
694 1872 818 1903 Romae
842 1872 953 1903 habita
977 1873 1035 1903 sub
1053 1872 1245 1914 Symmacho
1270 1883 1299 1904 a.
1315 1874 1378 1903 499
1403 1875 1436 1903 et
1459 1873 1530 1903 502.
1569 1871 1710 1902 Nomina
1735 1874 1767 1902 et
1790 1872 1894 1912 spatia
1915 1872 2028 1903 finiunt
2050 1872 2082 1903 in

432 1925 603 1956 Hormisdu
629 1927 662 1966 (ῤ’,-
681 1926 766 1965 523),
796 1924 837 1955 ad
861 1934 957 1965 quem
980 1928 1187 1955 numerantur
1213 1925 1356 1966 episcopi
1378 1924 1450 1955 LII.
1496 1923 1711 1965 Praescriptio
1734 1923 1836 1956 nulla:
1869 1923 2083 1966 subscriptum

433 1977 510 2017 mpl.
535 1988 633 2008 ann-n.
679 1976 788 2007 Edidit
819 1977 938 2018 primus
968 1976 1095 2018 Lipsius
1129 1976 1329 2016 Chronoloyie
1359 1976 1414 2007 cler
1444 1975 1617 2006 romi-§chen
1643 1974 1796 2016 Bisclzo‘fe
1824 1975 1936 2017 (1869)
1966 1986 1996 2018 p.
2026 1977 2083 2007 128

434 2030 484 2069 (cf.
516 2040 546 2071 p.
566 2029 619 2069 7s)
649 2028 691 2058 ad
715 2029 900 2069 exemplum
924 2028 1133 2069 Bethmanni,
1165 2028 1282 2060 deinde
1306 2028 1479 2059 Duchesne
1503 2038 1534 2069 p.
1555 2027 1606 2063 18;
1638 2027 1813 2068 recognovi
1837 2027 1998 2067 codicem,
2031 2028 2084 2070 qui

433 2081 473 2112 ab
498 2080 637 2111 editione
661 2080 891 2110 Duchesniana
914 2090 977 2111 non
1001 2080 1119 2112 differt.

537 2144 565 2172 4.
597 2141 767 2172 Remeusis
792 2141 876 2180 olim,
901 2141 1017 2172 deinde
1041 2141 1127 2183 apud
1143 2141 1368 2183 Phillippsium
1392 2151 1421 2171 n.
1445 2140 1534 2178 1743,
1558 2139 1621 2170 iam
1643 2138 1860 2169 Berolinensis
1876 2137 1970 2169 Phiu.
1994 2148 2024 2168 n.
2043 2139 2083 2169 84

433 2203 516 2224 saec.
534 2193 625 2232 VIII,
650 2193 793 2234 syllogae
819 2203 976 2223 canonum
1001 2203 1083 2235 quae
1107 2193 1148 2224 ab
1172 2193 1233 2224 hoc
1257 2192 1367 2223 codice
1391 2191 1549 2233 appellari
1572 2190 1656 2222 solet
1680 2189 1844 2230 (Maassen
1866 2190 1885 2221 l.
1905 2200 1931 2220 c.
1956 2200 1986 2231 p.
2003 2190 2083 2225 638;

433 2245 519 2276 Rose
544 2244 598 2276 lat.
622 2244 941 2276 Mem-mcm-Hdscluz
966 2256 997 2286 p.
1019 2247 1101 2285 171).
1147 2244 1291 2275 Iudicem
1319 2244 1339 2275 f.
1359 2245 1419 2275 293
1443 2242 1610 2285 praecedit
1638 2242 1802 2273 decretum
1832 2251 1937 2284 papae
1965 2240 2084 2272 Gelasii

434 2297 473 2328 de
509 2297 596 2327 libris
629 2295 820 2338 recipiendis
848 2297 900 2327 vel
935 2307 999 2327 non
1030 2296 1236 2338 recipiendis,
1272 2296 1416 2337 sequitur
1442 2294 1613 2325 laterculus
1644 2294 1878 2335 provinciarum
1909 2292 2084 2324 Galliarum

433 2349 554 2389 (chron.
579 2348 653 2379 min.
678 2348 739 2379 vol.
760 2350 769 2378 1
799 2359 830 2389 p.
849 2348 935 2388 564).
983 2347 1095 2390 Spatia
1118 2348 1231 2379 finiunt
1254 2348 1286 2378 in
1308 2345 1483 2378 Hormisda
1506 2345 1541 2388 (†
1559 2344 1647 2387 523),
1674 2346 1805 2377 nomina
1827 2345 1859 2376 in
1882 2344 1991 2376 Felice
2015 2343 2084 2375 IIII

435 2496 512 2527 praes.
533 2504 555 2526 p.
570 2496 625 2526 (ΙΙΙ)
645 2503 676 2519 ex
696 2495 780 2519 codice
794 2495 910 2519 Casinate
922 2493 971 2519 55?
991 2495 1085 2527 scripto
1104 2503 1125 2519 e.
1144 2503 1166 2519 a.
1182 2493 1247 2519 1166
1267 2495 1357 2519 finiens
1370 2494 1396 2518 in
1410 2494 1532 2519 Silvestre
1551 2497 1576 2518 et
1593 2496 1726 2525 propterea
1739 2493 1884 2517 vendimus
1903 2500 1946 2524 pro
1964 2491 2085 2516 thesauro

436 2538 509 2562 hahet
529 2544 551 2561 et
571 2538 722 2561 Anacletum
741 2542 766 2561 ct
787 2545 845 2561 cum
859 2537 1010 2562 Marcellino
1028 2538 1188 2569 Marcellum,
1207 2538 1343 2562 Anicetum
1362 2541 1421 2562 ante
1439 2537 1522 2565 Pium,
1541 2537 1689 2560 Anterotem
1708 2540 1767 2561 ante
1783 2536 1946 2565 Pontianum,
1966 2543 2084 2560 numeros

435 2583 486 2605 sere
505 2581 593 2605 tertiae
612 2581 699 2605 classis
719 2582 759 2611 (nt
781 2581 902 2613 Dionysio
923 2581 1015 2606 dantur
1033 2590 1057 2606 a.
1072 2582 1096 2605 11
1115 2590 1147 2606 m.
1163 2582 1199 2605 111
1218 2581 1241 2605 d.
1255 2580 1323 2611 VH).
1354 2581 1464 2605 Omnino
1483 2580 1577 2611 quibus
1593 2580 1666 2611 copia
1684 2579 1743 2603 data
1756 2582 1794 2603 est
1812 2578 1994 2604 laterculorum
2006 2578 2083 2610 scrip-

435 2630 516 2648 torum
538 2624 762 2655 inspiciendorum,
782 2624 977 2649 desiderandum
996 2630 1047 2654 est.
1073 2625 1182 2657 primum
1202 2633 1234 2649 ne
1252 2629 1310 2649 acta
1334 2627 1413 2655 agant
1432 2623 1568 2648 inutilibus
1586 2626 1611 2647 et
1629 2622 1720 2647 merita
1737 2625 1811 2646 nocte
1829 2621 1936 2654 sepultis
1955 2621 1980 2645 in
1999 2620 2082 2645 lucem

436 2667 550 2699 prolatis.
570 2667 659 2691 deinde
678 2673 701 2690 ct
722 2667 801 2691 mulio
821 2668 914 2700 inagis,
936 2672 964 2692 ut
983 2676 1069 2693 eorum
1089 2668 1190 2700 publice
1209 2669 1331 2693 rationem
1351 2668 1467 2697 reddunt,
1493 2667 1537 2699 qui
1555 2675 1606 2691 non
1625 2665 1783 2690 descendunt
1801 2673 1832 2690 ex
1850 2665 1918 2690 libro
1935 2664 2083 2696 pontificali.

436 2711 459 2734 id
479 2716 515 2735 est
534 2712 577 2742 qni
598 2720 646 2735 non
667 2711 761 2735 liabent
781 2712 934 2737 Anacletum
953 2716 978 2737 et
997 2713 1158 2737 Marcellum.
1194 2713 1259 2737 Nam
1279 2720 1432 2744 quamquam
1451 2715 1550 2741 errant,
1575 2711 1618 2743 qui
1642 2710 1697 2735 eius
1716 2708 1817 2741 generis
1836 2707 1989 2732 laterculum
2014 2707 2084 2732 nacti

435 2760 534 2786 propter
558 2754 658 2786 propria
681 2755 807 2784 quaedam
833 2756 981 2787 plerumque
1007 2756 1098 2780 vitiosa
1122 2764 1180 2780 eum
1204 2756 1327 2780 ineditum
1353 2755 1460 2780 credunt
1484 2762 1567 2786 neque
1588 2761 1666 2779 causa
1689 2756 1741 2782 est,
1767 2759 1813 2776 cur
1833 2751 1910 2775 Index
1934 2751 2083 2783 pontificum

436 2798 605 2821 Romanorum
624 2797 695 2820 aliter
714 2801 834 2821 {ructetur
853 2803 929 2830 atque
949 2799 1047 2830 reliqna
1065 2799 1160 2831 scripta
1180 2799 1298 2831 pluribus
1317 2798 1447 2823 codicibus
1468 2797 1568 2827 tradita,
1587 2796 1760 2829 exemplorum
1779 2794 1931 2819 collatorum
1944 2793 2083 2826 optandum

435 2846 470 2863 mx
492 2846 516 2863 ul
539 2849 658 2864 innuerit.-
678 2848 810 2872 nugentur.
