2245 3213
734 300 813 325 Jv‘Jn'L
821 301 844 325 Ι(
850 301 892 326 *m
900 302 952 326 NA

437 2598 556 2630 modom
593 2605 738 2642 tempore
776 2601 850 2631 feeit
886 2601 1114 2631 Constantinus
1149 2601 1232 2641 Aug.

435 2651 562 2681 basilis-a
590 2652 618 2682 iu
637 2652 755 2694 palatio
773 2652 972 2687 Susam-iano,
998 2653 1050 2683 ubi
1071 2653 1166 2683 ctiam
1192 2653 1231 2683 (lc

436 2702 519 2741 ligno
544 2706 671 2733 sanctae
697 2705 796 2734 erucis

434 2769 551 2800 domini
576 2772 673 2801 nostri
698 2772 771 2802 Iesu
796 2772 912 2803 Christi

434 2847 509 2866 auro
535 2842 565 2867 vt
590 2840 713 2877 gemnis
737 2841 898 2871 conclusit.

1163 216 1378 242 EPITOMAE

1580 302 1751 328 CONONIA
1756 303 1808 329 NA

1296 363 1406 384 aurum
1445 354 1542 384 libras
1576 354 1754 394 LXXXII,
1792 358 1961 396 argentum
1996 355 2094 386 libras

1299 399 1557 445 lIIDCCCXIII,
1582 407 1842 437 timiamatcrium
1867 416 1999 437 aureum
2022 417 2093 438 cum

1295 457 1432 497 gemmis
1469 458 1604 498 prasinis
1638 458 1796 497 XLVIII,
1836 458 2014 489 balsamum
2052 458 2093 489 ad

1296 509 1403 539 lumen
1427 509 1539 539 dicbus
1563 509 1702 550 paschae
1728 510 1826 540 libras
1844 509 1913 543 CC:
1938 510 2096 540 territoria

1295 560 1326 590 in
1351 560 1557 591 luminaribus
1581 560 1622 591 ad
1645 561 1748 602 ipsum
1774 561 1905 601 fontem,
1930 563 2094 603 prestante

1295 612 1384 641 annis
1419 612 1551 653 singulis
1585 612 1704 643 solidos
1727 606 1934 644 VI‘IOXXH.
1991 613 2095 644 Huius

1296 663 1495 704 temporibus
1539 663 1614 694 fecit
1658 664 1824 705 Augustus
1870 663 2096 695 Constantinus

1296 725 1337 744 ex
1362 718 1476 756 rogatu
1500 714 1645 745 Silvestri
1674 715 1839 746 basilicam
1864 716 1960 746 beato
1984 716 2093 755 Petro,

1296 766 1384 797 cuius
1423 767 1561 797 loculum
1608 777 1678 797 cum
1718 778 1832 809 corpus
1869 767 1969 798 sancti
2007 767 2095 798 Petri

1295 819 1339 849 ita
1377 818 1536 849 recondit:
1574 828 1614 848 ex
1655 818 1796 860 undique
1833 818 1872 849 (le
1909 829 1984 849 aere
2019 829 2094 849 con—

1296 871 1388 901 clusit
1413 880 1453 901 ex
1478 869 1564 900 omni
1593 872 1685 911 parte
1718 870 1819 911 pedes
1848 870 1879 901 V
1910 874 1943 901 et
1972 871 2095 901 ornavit

1296 922 1442 963 superius
1471 932 1512 952 ex
1543 921 1697 952 columnis
1734 922 1927 963 purfuriticis
1957 926 1990 953 et
2017 923 2095 953 alias

1296 973 1440 1012 viterias,
1466 983 1544 1014 quas
1577 973 1616 1003 de
1646 973 1764 1004 Grecia
1792 973 1952 1015 perduxit.
2004 973 2096 1005 Fecit

1296 1027 1404 1055 autem
1442 1028 1475 1055 et
1510 1034 1671 1055 cameram
1706 1025 1837 1056 basilice
1873 1028 2020 1056 extrema
2054 1036 2095 1056 ex

1296 1077 1364 1107 auri
1389 1077 1532 1117 fulgente
1565 1079 1598 1107 et
1625 1087 1723 1118 super
1746 1087 1875 1119 corpus,
1900 1088 1996 1119 supra
2018 1088 2094 1108 aero

1296 1128 1380 1170 quod
1405 1128 1511 1167 clusit,
1536 1128 1612 1159 fecit
1638 1138 1765 1159 crucem
1790 1139 1831 1159 ex
1855 1139 1932 1160 auro
1956 1139 2094 1170 pensan-

1296 1183 1360 1210 tem
1386 1179 1483 1210 libras
1501 1179 1566 1219 CL,
1592 1180 1622 1210 in
1639 1190 1790 1211 mensura
1806 1180 1905 1220 locus,
1923 1181 1977 1211 ubi
1995 1181 2093 1223 scrip-

1295 1234 1362 1261 tum
1388 1234 1450 1262 cst:
1477 1231 1705 1262 Constantinus
1721 1232 1886 1273 Augustus
1911 1234 1944 1262 et
1967 1232 2094 1263 Helena

1295 1282 1443 1323 Augusta
1472 1283 1553 1314 hanc
1584 1283 1713 1314 domum
1747 1284 1891 1325 regalem
1916 1284 2009 1315 simili
2033 1285 2093 1315 ful-

1296 1344 1374 1375 gore
1409 1344 1578 1365 coruscans
1612 1335 1700 1374 aula,
1734 1336 1885 1377 scriptum
1916 1345 1957 1366 ex
1981 1336 2094 1367 litteris

1295 1386 1381 1427 puris
1405 1386 1531 1427 nigellis
1554 1387 1585 1417 in
1610 1397 1703 1418 cruce
1727 1387 1805 1428 ipsa.
1858 1387 1950 1418 Fecit
1973 1387 2091 1418 cande-

1293 1438 1383 1468 labra
1399 1437 1465 1468 VII
1489 1448 1531 1469 ex
1549 1439 1708 1469 auricalco
1725 1441 1859 1479 argento
1877 1439 1990 1479 clusas,
2008 1449 2091 1481 quae

1293 1492 1430 1531 pensant
1454 1490 1579 1531 singula
1602 1490 1699 1521 libras
1723 1489 1815 1521 CCC.
1866 1490 1949 1521 Item
1982 1491 2013 1521 in
2038 1490 2093 1521 do-

1294 1552 1385 1581 num,
1411 1540 1497 1583 quod
1525 1541 1641 1572 obtulit
1670 1541 1898 1573 Constantinus
1928 1541 2094 1583 Augustus

1294 1593 1391 1624 beato
1422 1593 1520 1624 Petro
1554 1604 1613 1635 per
1647 1593 1805 1624 diocissen
1834 1593 1989 1634 Orientis,
2018 1604 2092 1636 pre-

1295 1648 1417 1675 stantes
1460 1654 1519 1686 per
1565 1655 1665 1676 annos
1707 1645 1847 1687 singulos
1886 1645 2005 1676 solidos
2043 1640 2094 1676 ΪΠ

1294 1696 1614 1728 DCCLXXXVIIII
1641 1697 1758 1728 triante
1781 1696 1814 1737 I,
1849 1697 2027 1728 balsamum
2054 1697 2092 1728 li—

1294 1749 1369 1780 bras
1393 1748 1522 1786 CCXV,
1548 1748 1611 1779 olei
1634 1748 1725 1779 nardi
1748 1748 1845 1779 libras
1870 1748 1995 1789 DCCC,
2021 1749 2093 1780 oleo

1294 1801 1414 1843 ciprino
1431 1801 1530 1832 libras
1547 1800 1583 1840 C,
1608 1802 1754 1831 aromata
1769 1800 1867 1831 libras
1884 1799 1982 1840 DCL,
1999 1800 2092 1842 piper

1293 1852 1473 1883 medimnus
1497 1852 1542 1892 L,
1578 1852 1765 1883 cariofolum
1800 1852 1896 1883 libras
1919 1851 1963 1892 L,
1998 1862 2091 1883 croco

1292 1904 1390 1935 libras
1416 1904 1451 1944 C,
1490 1904 1588 1935 linum
1626 1904 1719 1945 fugus
1744 1902 1785 1943 C,
1826 1906 1914 1934 carta
1952 1903 2091 1935 decadas

1295 1956 1382 1987 mille
1406 1955 1517 1995 XXII,
1541 1955 1654 1997 papiro
1678 1965 1810 1986 racanas
1834 1955 1876 1986 M.
1928 1954 1976 1986 Eo
2009 1958 2091 1987 tem-

1292 2018 1369 2049 pore
1416 2007 1492 2038 fecit
1535 2007 1762 2038 Constantinus
1814 2006 1946 2038 basilica
1991 2007 2090 2038 beato

1293 2060 1405 2099 Paulo,
1442 2059 1529 2089 cuius
1558 2069 1672 2100 corpus
1703 2059 1747 2089 ita
1780 2058 1925 2090 recondit
1954 2059 2034 2090 sicut
2058 2062 2091 2090 et

1290 2111 1378 2141 beati
1402 2110 1505 2149 Petri,
1534 2110 1583 2140 cui
1613 2110 1764 2141 basilicae
1794 2109 1911 2141 donum
1940 2111 2001 2141 hoc
2031 2111 2088 2141 ob-

1289 2163 1378 2193 tulit:
1415 2162 1522 2193 omnia
1550 2172 1627 2192 vasa
1662 2172 1760 2192 aurea
1787 2162 1839 2192 vel
1868 2164 2025 2203 argentea
2055 2164 2089 2193 et

1289 2224 1386 2245 aerea
1414 2216 1447 2244 et
1475 2223 1601 2244 crucem
1629 2223 1761 2244 auream
1786 2223 1881 2254 super
1910 2213 2015 2244 locum
2044 2213 2089 2244 ita

1289 2265 1404 2307 posuit,
1424 2265 1505 2296 sicut
1525 2265 1557 2296 in
1573 2265 1706 2295 basilica
1721 2264 1809 2295 beati
1825 2264 1924 2296 Petri.
1970 2264 2089 2296 Prcdia

1289 2328 1364 2348 vcro
1389 2317 1606 2359 prestantibus
1630 2326 1730 2347 annos
1754 2316 1895 2357 singulos
1913 2310 2087 2357 ITHLXX,

1289 2370 1467 2400 balsamum
1491 2369 1588 2400 libras
1611 2368 1648 2407 L,
1682 2368 1752 2398 olco
1776 2367 1876 2399 nardo
1901 2368 1997 2399 libras
2021 2367 2087 2407 CC,

1289 2424 1434 2451 aromata
1457 2421 1555 2451 libras
1572 2419 1703 2459 CLXX,
1729 2419 1815 2450 casia
1838 2419 1934 2451 libras
1957 2420 1994 2459 L,
2020 2423 2086 2450 sto—

1288 2483 1361 2503 race
1385 2473 1482 2503 libras
1500 2471 1607 2512 XXX,
1633 2473 1757 2502 stacten
1780 2471 1876 2502 libras
1893 2470 1957 2511 CL,
1974 2470 2086 2512 papiro

1288 2534 1420 2555 racanas
1436 2524 1476 2563 D,
1500 2523 1564 2554 lino
1589 2533 1680 2554 saeos
1698 2521 1790 2554 CCC.

1330 2601 1378 2632 Eo
1395 2604 1541 2642 tempore
1558 2601 1634 2631 fccit
1648 2600 1762 2631 beatus
1777 2599 2001 2631 Constantinus
2014 2599 2081 2630 Au-

1287 2656 1398 2693 gustus
1421 2652 1585 2683 basilicam
1609 2652 1641 2682 in
1664 2652 1787 2693 palacio
1807 2651 2004 2689 Sessoriano,
2028 2651 2081 2681 ubi

1287 2704 1327 2735 dc
1351 2705 1437 2745 ligno
1462 2707 1592 2735 sanctae
1617 2703 1717 2734 crucis

1287 2852 1326 2871 ex
1351 2852 1427 2871 auro
1453 2844 1484 2871 et
1507 2841 1642 2881 gemmis
1667 2841 1829 2871 conclusit.
