2245 3213
455 227 516 257 ⁴25ss

743 307 771 333 F
771 307 823 333 EI.
831 307 965 333 IGIANA

454 363 515 393 llic
540 362 597 393 snb
622 367 713 402 gesta
742 360 854 402 synodi
880 371 949 391 eum
973 360 1048 390 fleto
1073 358 1130 389 sub
1160 358 1251 389 sat-is—

456 415 593 445 faotione
619 413 718 444 libelli
743 415 913 454 purgatum
935 411 1102 442 Mesenum
1128 411 1251 452 episeo-

455 476 530 507 pum
555 465 727 496 revocavit.

455 526 516 556 Hic
542 526 617 556 fecit

454 761 726 788 sacramentorum
755 757 952 798 prefationes
983 758 1076 785 cauto
1106 763 1253 784 sermone

455 815 486 840 ct
504 810 656 851 epistolas
673 808 746 839 fidei
765 809 894 839 elimato
908 817 1064 838 sermone.
1102 805 1164 836 Hic
1179 805 1253 835 fecit

456 861 673 891 ordinationes
697 860 747 891 III

453 932 510 963 per
535 932 634 953 mens.
658 920 825 959 Decemb„

454 981 560 1022 presb.
578 981 721 1014 XXXII.
747 981 825 1011 diac.
842 980 884 1015 II,
910 980 1077 1020 episcopos
1103 988 1160 1020 per
1183 978 1254 1008 loca

453 1033 587 1064 LXVII.
628 1032 779 1074 Sepultus
804 1036 852 1063 est
869 1031 955 1073 apud
972 1031 1103 1061 beatum
1123 1030 1252 1060 Petrum

455 1085 499 1115 Xl
522 1085 585 1116 kal.
604 1084 760 1115 Decemb.
800 1083 946 1114 Cessavit
964 1083 1168 1124 episcopatus
1186 1081 1254 1111 dies

453 1136 525 1167 Vll.

505 1216 554 1238 Lu.
578 1205 785 1241 Amsmsus,
825 1204 954 1234 natione
994 1203 1174 1241 Romanus,

453 1261 544 1299 patre
582 1257 696 1287 Petro.
733 1256 816 1287 sedit
851 1255 954 1286 ann.I
988 1265 1087 1285 niens.
1105 1254 1153 1284 XI
1185 1253 1253 1284 dies

453 1309 630 1340 XXXlllI.

1213 1211 1253 1231 CX

459 1634 521 1665 IIic
546 1634 621 1664 fecit
645 1633 879 1664 ordinationem
904 1633 919 1663 I

459 1706 516 1736 per
540 1704 640 1725 mens.
664 1693 831 1733 Deeemb.,

460 1755 566 1796 presb.
584 1754 659 1793 XII,
685 1755 854 1796 episcopos
877 1763 935 1794 per
958 1752 1028 1782 loca
1042 1750 1151 1782 VIIII.
1198 1749 1255 1780 Se-

459 1806 566 1848 pultus
592 1809 641 1836 est
664 1805 750 1847 apud
774 1805 904 1835 beatum
930 1804 1061 1835 Petrum

458 1867 488 1897 in
507 1866 698 1897 Vaticanum

458 1926 525 1957 XII
542 1926 605 1959 kal.
623 1925 779 1957 Decemb.

459 1978 526 2009 dies
543 1978 599 2009 VI.

825 1924 867 1955 Et
891 1924 1028 1955 cessavit
1052 1924 1258 1965 episcopatus

503 2067 562 2087 Lm.
588 2055 782 2090 Srmmcnvs,
806 2054 935 2085 natione
953 2052 1082 2091 Sardus,
1107 2062 1149 2082 ex
1165 2054 1257 2093 patre

458 2107 652 2146 Fortunato,
688 2106 771 2137 sedit
801 2117 873 2137 ann.
890 2105 953 2135 XV
977 2114 1077 2135 mens.
1095 2103 1159 2133 VII
1190 2103 1258 2133 dies

458 2159 615 2190 XXXYI.
661 2157 723 2188 llic
753 2158 811 2188 fuit
843 2156 1041 2198 temporibus
1065 2154 1259 2186 Theudorici

460 2211 593 2241 heretici
618 2213 649 2241 et
673 2209 823 2240 Anastasi

458 2271 639 2302 Euthiciani

457 2332 541 2372 Aug.
587 2331 649 2361 Hic
673 2330 792 2361 amavit
816 2329 934 2360 clerum
961 2332 992 2359 et
1016 2338 1186 2370 pauperes,

459 2392 570 2431 bonus,
595 2390 745 2433 prudeuS,
770 2391 936 2429 humanus,
962 2389 1136 2430 gratiosus;

460 2458 492 2482 et
517 2462 587 2482 cum
613 2462 650 2482 eo
678 2450 841 2481 ordinatur
856 2450 1049 2481 Laurentius
1070 2449 1128 2480 sub
1152 2449 1255 2479 inten-
1282 2480 1283 2486 ¹

458 2504 543 2534 tione
569 2503 749 2544 episcopus.

1175 219 1386 247 ΕΡΙΤΟΜΑΕ

1593 305 1722 331 ΟΟΝΟΝ
1726 306 1762 331 [A
1768 305 1822 331 NA

1306 531 1368 562 Hic
1393 531 1470 562 feeit

1306 592 1404 623 libros
1418 591 1447 622 V
1461 591 1614 622 adversus
1627 590 1801 621 Nistorium
1816 593 1848 620 et
1860 589 2011 624 Eutieen;
2029 588 2104 619 fecit

1307 647 1340 674 et
1364 643 1499 685 hymnos
1530 643 1562 672 in
1585 641 1681 672 modo
1705 641 1793 672 beati
1816 641 1996 677 Ambrosii;
2030 641 2106 671 fecit

1308 699 1340 726 et
1364 695 1443 726 duos
1467 695 1564 726 libros
1588 693 1741 724 adversus
1764 693 1903 732 Arrium,
1927 693 2003 723 fecit
2027 695 2060 723 et

1307 758 1578 786 sacramentorum
1609 754 1806 796 prefationes
1836 755 1928 784 cauto
1953 762 2102 783 sermone

1308 810 1340 837 et
1353 807 1506 848 epistolas
1520 806 1594 837 fidei
1608 805 1759 836 delimato
1771 814 1928 835 sermone.
1953 803 2014 835 Hic
2029 804 2105 835 fecit

1308 858 1524 889 ordinationes
1546 858 1589 897 II,

1308 979 1413 1020 presb.
1430 977 1574 1017 XXXII,
1600 977 1681 1008 diac.
1704 976 1747 1014 II,
1773 976 1942 1018 episcopos
1966 975 2101 1007 LXVII.

1308 1029 1370 1065 Qui
1388 1030 1484 1060 etiam
1502 1029 1646 1070 sepultus
1664 1031 1713 1059 est
1727 1027 1812 1069 apud
1825 1028 1956 1058 beatum
1970 1027 2105 1059 Petrum

1308 1082 1355 1112 XI
1379 1082 1409 1112 k.
1436 1081 1591 1112 Deeemb.
1637 1080 1783 1111 Cessavit
1808 1080 2014 1122 episcopatus
2038 1079 2106 1110 dies

1308 1133 1380 1165 VII.

1362 1202 1640 1239 L11.ANASTAslvs,
1676 1201 1807 1231 natione
1846 1200 2026 1239 Romanus,
2065 1210 2106 1231 ex

1307 1257 1398 1296 patre
1434 1254 1548 1291 Petro,
1590 1252 1674 1283 sedit
1709 1263 1758 1284 an.
1782 1252 1798 1282 Ι
1832 1262 1932 1282 mens.
1954 1251 2003 1282 XI
2038 1251 2106 1282 dies

1306 1305 1449 1336 XXIIII.

1307 1365 1370 1396 Hie
1394 1365 1469 1396 fecit
1485 1365 1684 1396 confessione
1703 1364 1791 1394 beati
1807 1363 1969 1394 Laurenti.
2016 1362 2100 1393 Huic

1309 1418 1412 1448 clerus
1447 1420 1479 1447 ct
1514 1416 1685 1458 presbiteri
1716 1416 1807 1447 multi
1831 1426 1864 1446 se
1890 1417 2063 1456 eregcrunt
2088 1425 2106 1445 a

1308 1469 1546 1507 communione,
1571 1478 1609 1498 eo
1634 1467 1720 1509 quod
1748 1467 2014 1498 communicasset
2037 1466 2105 1496 siue

1309 1521 1438 1551 consilio
1464 1530 1575 1551 eorum
1599 1519 1733 1550 diacono
1763 1518 2025 1550 Thesalonicensi
2049 1527 2105 1548 no-

1308 1583 1382 1603 men
1406 1572 1532 1604 Futino.

1309 1632 1372 1663 Hic
1396 1632 1472 1663 fecit
1495 1632 1729 1663 ordinationem
1753 1631 1778 1672 I,

1311 1752 1418 1794 presb.
1447 1752 1512 1791 XI,
1548 1753 1717 1794 episcopos
1741 1750 1833 1782 VIII.
1891 1750 2107 1792 Sepultusque

1311 1807 1360 1834 est
1383 1803 1425 1834 ad
1448 1803 1580 1835 beatum
1604 1803 1737 1834 Petrum

1310 1925 1395 1956 XIII
1428 1924 1460 1956 k.
1494 1923 1650 1954 Decemb.

1311 1977 1379 2008 dies
1396 1976 1454 2007 VI.

1720 1922 1866 1954 Cessavit
1904 1923 2108 1964 episcopatus

1354 2064 1413 2085 Lm.
1438 2052 1632 2091 SYMMACHVS,
1654 2052 1783 2082 natione
1807 2051 1936 2090 Sardus,
1958 2061 1999 2082 ex
2015 2053 2108 2092 patre

1310 2105 1504 2143 Fortunatu,
1540 2103 1623 2134 sedit
1657 2114 1708 2134 an.
1733 2103 1795 2134 XV
1829 2113 1928 2134 mens.
1956 2102 2003 2133 VI
2041 2102 2108 2133 dies

1313 2156 1452 2188 XXVII.
1509 2155 1571 2186 Hic
1602 2155 1660 2186 fuit
1688 2154 1886 2196 temporibus
1915 2153 2107 2185 Theoderici

1311 2209 1444 2240 heretici
1469 2211 1501 2238 et
1524 2207 1686 2238 Anastasii

1311 2329 1394 2370 Aug.
1439 2328 1502 2359 Hic
1525 2327 1645 2359 amavit
1668 2327 1753 2358 clero
1779 2330 1811 2358 et
1833 2337 2010 2369 pauperes;

1311 2452 1343 2480 et
1367 2458 1438 2479 eum
1463 2457 1500 2478 eo
1526 2447 1690 2478 ordinatur
1706 2447 1897 2478 Laurentius
1917 2446 1976 2477 sub
2001 2447 2105 2477 inten-

1282 2502 1283 2505 ’
1310 2501 1396 2532 tione
1421 2499 1634 2541 episcopatus.

457 2563 506 2593 Ex
537 2574 599 2604 qua
623 2573 719 2593 causa
751 2564 901 2604 separata
930 2561 1036 2603 aliqua
1065 2571 1138 2602 pars
1163 2561 1255 2591 cleri·
1282 2596 1283 2600 Ἰ

458 2625 566 2645 corum
584 2615 634 2645 vel
650 2618 843 2653 senatorum,
867 2614 921 2644 alii
939 2624 1009 2644 cuni
1027 2612 1256 2654 Symmachum
1281 2637 1282 2642 ,

458 2672 489 2696 et
514 2667 566 2696 alii
591 2677 661 2696 cum
685 2666 905 2696 Laurentium.

458 2725 498 2755 Et
523 2726 607 2756 fucta
631 2727 807 2757 intentione
832 2725 892 2756 hoc
916 2725 1151 2756 constituerunt

458 2786 587 2826 pariter,

458 2850 490 2875 ut
520 2846 614 2875 ambo
639 2845 826 2876 Ravennam
860 2849 1007 2886 peterent
1041 2845 1081 2876 ad
1101 2842 1254 2876 iuditium

1310 2723 1352 2755 Et
1376 2724 1459 2754 faeta
1483 2723 1658 2753 intentione
1686 2722 1746 2753 hoc
1770 2722 2011 2761 constituerunt,

1311 2848 1343 2875 ut
1368 2843 1463 2874 ambo
1481 2843 1669 2874 Ravennam
1694 2844 1866 2883 pergerent
1890 2841 1930 2873 ad
1955 2842 2106 2873 iudicium
