2245 3213
435 167 524 194 LVIII
1119 164 1402 192 PROLEGOMENA.

437 255 485 285 tis.
534 254 608 296 Ipse
634 254 692 285 etsi
716 254 797 285 vitas
822 253 919 284 edere
948 252 1025 283 mihi
1055 251 1223 294 proposui,
1248 251 1488 292 chronologiam
1513 252 1698 293 pontificum
1722 250 1941 282 Romanorum
1964 261 2086 292 nequa-

437 317 532 347 quam
556 306 682 347 suscepi
705 304 975 347 pertractandam.
1023 304 1176 335 Ceterum
1202 303 1426 344 episcoporum
1448 303 1667 335 Romanorum
1691 302 1795 346 spatia
1818 314 1837 334 a
1860 303 1989 334 saeculo
2014 302 2087 333 inde

437 362 548 399 quarto
582 358 752 399 incipiente
781 356 891 398 paucis
922 356 1066 397 exceptis
1091 358 1179 386 certa
1203 358 1276 386 sunt
1300 358 1333 386 et
1362 354 1552 386 dubitationi
1582 357 1659 387 nulli
1689 356 1838 387 obnoxia.
1870 374 1911 378 ——
1942 355 2022 386 Inde
2046 355 2087 386 ab

437 409 607 440 Anastasio
627 409 639 438 l
665 408 766 447 (XLI)
790 412 825 438 ut
848 407 971 438 numeri
996 407 1120 438 facilius
1145 406 1387 444 conferrentur,
1412 407 1651 438 intervallorum
1681 408 1822 439 numeris
1851 407 1976 439 traditis
2000 410 2087 449 post-

435 461 527 502 posui
552 460 684 491 effeetos
710 470 749 489 ex
775 459 950 500 spatiorum
975 458 1216 500 computatione
1240 457 1479 489 Duchesniana.

594 511 618 542 Ι.
642 511 769 542 Petrus.

575 562 618 594 ΙΙ.
641 562 750 593 Linus.

560 614 619 644 III.
644 613 754 645 Cletus

643 665 711 698 sed.
735 676 803 697 vae.
829 665 859 696 d.
875 665 949 697 XX.

564 718 620 749 IV.
646 717 797 749 Clemens

644 769 711 801 sed.
735 779 804 801 vac.
829 768 858 800 d.
876 769 967 800 XXI.

581 821 621 853 V.
645 821 845 852 Aneneletus

643 873 711 905 sed.
734 883 803 904 vac.
828 873 857 904 d.
875 872 958 904 XIII
983 873 1039 913 (xu
1056 872 1096 912 F,
1120 872 1186 903 xuii
1203 872 1263 913 K).

561 924 618 956 VI.
642 924 810 956 Euaristus

645 976 712 1008 sed.
737 987 805 1008 vae.
831 976 860 1007 d.
878 976 1020 1008 XVIIII.

543 1028 618 1059 VII.
643 1028 832 1059 Alexander

644 1080 711 1112 sed.
735 1091 804 1112 vac.
829 1080 858 1111 d.
876 1079 1006 1110 XXXV
1031 1079 1159 1121 (xxxuii
1175 1078 1267 1118 F1·²‚
1292 1078 1417 1110 xxxuiii
1433 1078 1498 1119 F³,
1522 1089 1590 1109 xxx
1607 1078 1670 1119 K).

530 1132 623 1164 VIII.
648 1132 769 1174 Xystus
793 1131 809 1162 Ι

647 1183 714 1215 sed.
738 1193 807 1214 vae.
830 1193 872 1214 m.
889 1183 923 1214 II
946 1182 992 1224 (d.
1009 1182 1031 1214 ii
1047 1183 1098 1214 ΙΙ.
1116 1182 1205 1223 ΙΙΙ).

565 1234 623 1266 ΙΧ.
648 1235 828 1277 Telesphor

645 1286 712 1318 sed.
736 1296 806 1317 vac.
832 1285 861 1318 d.
879 1285 954 1316 VII.

583 1338 624 1370 X.
648 1338 799 1380 Hyginus

649 1390 716 1422 sed.
741 1401 809 1422 vac.
835 1390 864 1422 d.
881 1390 942 1421 III.

564 1447 624 1478 XI.
649 1446 727 1477 Pius

646 1498 713 1529 sed.
739 1509 807 1530 vac.
832 1497 861 1528 d.
878 1497 988 1528 XIIII.

548 1553 625 1586 XII.
649 1554 805 1585 Anicetus

649 1605 716 1636 sed.
741 1616 810 1637 vac.
834 1605 864 1636 d.
883 1605 984 1636 XVII
1009 1604 1066 1644 (uii
1082 1604 1153 1636 FK
1163 1604 1253 1646 III).

532 1662 626 1693 XIII.
651 1661 746 1693 Soter

651 1713 719 1745 sed.
743 1723 811 1744 vac.
836 1711 865 1743 d.
883 1711 966 1743 XXI
991 1711 1038 1753 (xi
1055 1711 1150 1754 FK).

537 1769 627 1801 XIV.
651 1769 809 1800 Eleuther

652 1821 719 1852 sed.
744 1831 812 1852 vac.
837 1820 867 1852 d.
884 1819 948 1851 XV
972 1819 1041 1861 (xui
1057 1819 1132 1860 FK,
1156 1830 1177 1851 u
1195 1820 1244 1851 ΙΙ.
1262 1820 1351 1860 ΙΙΙ).

552 1877 624 1909 XV.
648 1877 760 1908 Victor

649 1929 716 1960 sed.
741 1940 809 1960 vac.
834 1928 864 1959 d.
882 1928 958 1959 XII.

533 1986 624 2017 XVI.
650 1985 850 2027 Zephyrinus

650 2036 717 2068 sed.
742 2047 810 2067 vae.
835 2035 865 2067 d.
882 2035 940 2066 VI.

518 2093 628 2124 XVII.
653 2092 805 2124 Callistus
829 2092 843 2123 I

651 2144 719 2176 sed.
742 2155 810 2175 vac.
838 2143 867 2175 d.
884 2143 965 2174 XVI
991 2143 1036 2184 (ui
1052 2143 1087 2174 F
1101 2143 1149 2175 ΙΙ.
1167 2143 1258 2182 ΙΙΙ).

505 2200 629 2232 XVIII.
653 2200 802 2231 Urbanus

653 2251 721 2283 sed.
744 2262 813 2283 vac.
839 2251 868 2283 d.
886 2251 991 2282 XXX.

539 2307 629 2339 XIX.
654 2308 829 2339 Pontianus
855 2309 915 2338 230
941 2307 1000 2338 Iul.
1020 2309 1112 2338 21—
1129 2309 1189 2339 235
1214 2307 1302 2349 Sept.
1320 2309 1369 2338 25.

654 2359 720 2390 sed.
746 2369 814 2390 vae.
839 2358 868 2390 d.
887 2359 927 2389 X.
953 2377 990 2380 —
1016 2358 1088 2389 m.I
1115 2358 1144 2389 d.
1162 2359 1259 2389 XXV
1284 2358 1484 2389 Liberunum.

555 2415 628 2446 XX.
653 2415 793 2446 Anteros
820 2416 880 2445 235
905 2414 986 2446 Nov.
1004 2417 1039 2445 ‘21
1059 2433 1095 2437 —
1112 2416 1172 2445 236
1196 2415 1264 2446 Ian.
1283 2417 1300 2445 3

658 2466 724 2498 sed.
749 2477 818 2497 vae.
844 2466 872 2496 d.
891 2466 974 2496 XIII
1001 2467 1033 2506 (ii
1051 2466 1091 2505 F,
1115 2467 1157 2497 uii
1174 2466 1237 2507 K).

541 2522 632 2553 XXI.
659 2522 819 2553 Fabianus
843 2524 904 2552 236
930 2522 996 2553 Ian.
1023 2525 1055 2553 10
1071 2541 1109 2544 -
1125 2524 1185 2552 250
1212 2522 1279 2552 Ian.
1297 2523 1336 2551 20

654 2573 722 2605 sed.
747 2584 815 2604 vac.
841 2573 870 2604 d.
889 2573 962 2604 VII.
989 2592 1027 2595 —
1053 2584 1083 2605 a.
1100 2573 1115 2604 I
1246 2572 1446 2604 Liber-ianus.

523 2628 630 2659 XXII.
656 2628 823 2660 Cornelius
848 2631 905 2659 251
933 2628 1026 2660 Mart.
1045 2655 1050 2660 .
1069 2653 1075 2660 .
1093 2648 1129 2651 —
1145 2631 1205 2660 253
1231 2629 1299 2659 Iun.
1319 2653 1325 2659 .
1343 2653 1348 2659 .

656 2680 722 2711 sed.
748 2691 815 2712 vae.
841 2680 871 2712 d.
888 2681 1008 2712 LXVI.

509 2734 633 2765 XXIII.
661 2736 775 2767 Lucius
799 2738 859 2767 '253
884 2736 953 2768 Iun.
971 2739 1011 2767 25
1026 2755 1062 2759 ——
1078 2739 1138 2767 254
1163 2736 1256 2767 Mart.
1274 2739 1292 2767 5

657 2786 723 2817 sed.
741 2798 808 2819 vac.
833 2787 862 2818 d.
879 2788 1019 2819 XXXV.
