2245 3213
447 199 537 226 CXIV
1136 204 1416 232 PROLEGOMENA.

448 288 547 318 ralem
580 288 693 329 prioris
730 289 924 320 recensionis
954 290 1062 320 nescio
1098 301 1194 332 quam
1228 291 1481 332 restitutionem,
1516 293 1549 324 id
1582 295 1732 336 equidem
1765 307 1828 328 non
1858 308 1928 328 sum
1962 301 2099 329 secutus.

449 339 699 370 Restitutionem
730 340 817 370 illan]
846 341 1000 371 incertam
1031 352 1101 373 esse
1134 345 1167 372 et
1190 343 1391 374 arbitrariam
1416 348 1517 375 totam
1540 345 1609 387 ipse
1635 347 1740 378 editor
1762 351 1797 379 ut
1819 351 1907 380 recte
1930 349 2100 390 intellexit,

451 391 493 421 ita
521 402 582 421 non
601 392 676 422 satis
693 392 853 423 intellexit
870 403 941 423 cam
964 404 1093 434 prorsus
1117 404 1227 426 carere
1251 395 1400 427 utilitate.
1439 396 1529 438 Ipsas
1557 398 1714 439 epitomas
1738 400 1921 441 singillatim
1946 400 2100 432 exhibere

448 446 482 472 ut
506 442 640 473 fortusse
665 453 728 474 non
752 448 800 474 est
816 454 1101 485 supervacaneum,
1126 446 1170 476 ita
1193 447 1282 477 varia
1306 447 1401 478 lectio
1426 458 1488 478 una
1513 452 1561 479 est
1584 460 1689 492 neque
1714 451 1813 482 ullum
1837 452 1972 483 vitarum
1995 452 2100 483 locum

453 498 538 524 recte
564 495 730 535 qnisquam
756 496 906 527 tractabit
929 497 987 527 nisi
1004 496 1159 537 adhibita,
1184 501 1340 539 quatenus
1363 499 1432 530 fieri
1455 503 1571 541 potest,
1588 503 1774 534 recensione
1798 506 1933 545 utraque
1958 507 1991 535 et
2014 504 2102 535 varia

450 546 588 576 lectione
613 546 748 587 integra.

551 597 710 629 Rccensio
742 599 828 640 prior
857 599 931 641 quid
962 601 1113 632 habuerit
1140 602 1191 632 vel
1219 612 1283 632 non
1306 602 1472 642 habuerit,
1496 614 1560 635 non
1583 605 1661 636 satis
1688 606 1820 645 scimus,
1845 617 1916 638 cum
1939 608 2037 648 plena
2060 606 2101 638 ad

450 660 508 680 nos
531 660 594 680 non
619 651 818 691 pervenerit:
843 655 876 682 at
900 652 953 693 qui
977 652 1133 694 expendit
1157 664 1239 695 quae
1264 654 1425 696 epitomae
1450 657 1632 698 receperint
1662 661 1695 689 et
1726 668 1809 700 quae
1832 661 2004 700 praeterea
2029 669 2100 690 cum

449 712 511 731 non
536 703 717 743 receperint
740 703 772 733 in
795 713 929 745 corpore
953 705 1048 746 pleno
1073 704 1214 736 adfuisse
1239 709 1378 745 constet,
1402 707 1572 749 intelleget
1594 719 1656 740 non
1679 710 1813 741 multum
1836 711 2007 742 recessisse
2032 710 2099 742 edi-

451 753 569 784 tionem
600 754 739 795 priorem
771 755 812 786 ab
842 766 881 786 ea
909 766 992 797 quae
1023 760 1179 798 superest.
1225 756 1410 789 Adfuerunt
1435 759 1466 790 in
1489 760 1544 791 illa
1567 761 1713 792 laterculi
1738 761 1959 803 donariorum,
1985 773 2098 804 quam-

451 815 545 846 quam
579 815 635 836 eos
659 805 877 838 breviatorum
901 809 984 839 alter
1007 809 1128 848 omisit,
1153 809 1235 840 alter
1258 809 1299 840 ad
1322 820 1424 852 pauca
1448 811 1548 843 verba
1578 813 1715 854 redegit.
1761 813 1946 845 Adfuerunt
1969 815 2098 845 omnino

451 857 503 887 alii
527 857 599 896 loci,
623 861 658 888 ut
683 860 732 896 77,
752 872 773 890 ιι
798 860 885 900 (vide
909 871 1006 902 supra
1030 871 1060 902 p.
1079 860 1218 902 CXIII),
1236 861 1404 893 evidenter
1425 873 1489 894 non
1513 863 1613 895 additi
1636 865 1668 895 in
1692 866 1880 897 recensione
1905 866 2017 903 altera,
2044 866 2102 897 sed

451 909 491 939 ab
517 909 781 951 epitomatoribus
798 913 1026 953 praetermissi.
1071 912 1283 944 Diasceuasta
1306 914 1382 955 quid
1407 915 1549 947 omiserit
1573 916 1783 956 addideritve,
1807 918 1889 949 infra
1913 921 2100 960 quaeretur;

450 965 636 993 neutrorum
660 973 829 994 numerum
852 975 1004 1006 magnum
1027 965 1125 996 fuisse
1149 965 1319 1006 probabile
1345 970 1402 997 est.
1450 967 1546 999 Vitae
1570 969 1667 1010 longe
1693 969 1872 1011 pleraeque
1899 971 1932 1001 in
1955 971 2104 1012 epitomis

450 1024 551 1055 prope
573 1014 731 1046 accedunt
755 1015 796 1046 ad
820 1017 1040 1048 recensionem
1064 1018 1208 1059 plenam;
1234 1018 1322 1049 solae
1347 1018 1414 1049 fere
1439 1029 1522 1060 quae
1545 1020 1667 1052 habent
1683 1022 1886 1053 narrationes
1903 1022 2104 1064 prolixiores,

451 1070 486 1096 ut
510 1066 631 1097 Liberii
649 1067 855 1110 (XXXVII),
882 1068 1067 1110 Symmachi
1085 1069 1203 1111 (LIII),
1227 1069 1422 1101 Hormisdae
1440 1071 1579 1113 (LIIII),
1604 1073 1759 1104 Iohannis
1776 1074 1791 1104 Ι
1809 1073 1891 1114 (LV)
1917 1077 2106 1116 comparent

451 1118 482 1148 in
513 1119 691 1160 posteriore
720 1120 825 1151 forma
852 1124 993 1159 mutata,
1023 1132 1105 1160 raro,
1130 1124 1284 1163 quantum
1312 1126 1462 1164 apparet,
1486 1127 1574 1155 certo
1606 1125 1713 1167 aliquo
1741 1126 1873 1157 consilio
1899 1125 1985 1166 (vide
2009 1136 2106 1167 supra

452 1182 482 1212 p.
500 1170 629 1211 XVIII)
647 1181 705 1202 nec
729 1173 832 1213 magis
857 1172 1024 1204 breviandi
1047 1173 1163 1213 studio,
1187 1173 1245 1205 sed
1268 1175 1441 1206 temeraria
1466 1178 1498 1206 et
1521 1176 1635 1208 inscita
1651 1177 1841 1208 traditorum
1864 1178 2105 1209 instauratione.

454 1223 592 1255 Omnino
618 1233 690 1256 cum
713 1223 841 1255 aliunde
871 1228 996 1256 constet
1024 1226 1245 1256 recensionem
1274 1227 1415 1268 priorem
1446 1237 1516 1258 esse
1541 1229 1662 1260 saeculi
1685 1230 1815 1271 septimi
1839 1229 2019 1272 eodemque
2049 1240 2108 1271 per

451 1278 621 1310 intervalla
652 1276 831 1308 confectam
860 1287 931 1308 esse
959 1278 1186 1319 posteriorem,
1214 1288 1278 1309 non
1309 1279 1444 1309 multum
1473 1282 1620 1322 tempore
1650 1281 1769 1312 distant
1798 1284 1931 1324 totaque
1963 1282 2107 1324 quaestio

453 1332 493 1363 de
521 1330 645 1362 duabus
669 1329 910 1360 recensionibus
933 1339 997 1360 non
1022 1332 1130 1360 tantae
1155 1330 1320 1371 gravitatis
1338 1334 1371 1362 et
1393 1331 1539 1363 utilitatis
1566 1335 1623 1370 est,
1651 1336 1803 1375 quantam
1826 1334 1885 1365 viri
1908 1333 1994 1365 docti
2010 1334 2106 1376 pleri-

454 1394 515 1426 que
541 1383 570 1414 ei
594 1381 785 1413 tribuerunt.
1688 1425 1692 1430 ¹

560 1434 630 1466 Iam
653 1433 820 1464 videamus
844 1435 952 1464 textus
976 1433 1130 1464 librorum
1148 1433 1395 1475 cpitomatorum
1415 1435 1575 1476 quomodo
1601 1435 1729 1468 differat
1753 1447 1772 1468 a
1794 1437 1982 1469 recensione
2006 1438 2109 1469 altera

456 1488 563 1530 plena.
609 1486 651 1517 Et
675 1485 922 1527 explicabuntur
944 1485 1082 1526 primum
1099 1485 1233 1516 virtutes
1257 1486 1515 1527 epitomatorum,
1539 1488 1661 1519 scilicet
1685 1488 1771 1530 quod
1793 1489 1925 1531 propius
1950 1489 2109 1520 accedunt

457 1539 498 1571 ad
532 1541 680 1569 auctores
714 1548 732 1568 a
769 1537 924 1579 scriptore
953 1537 1090 1567 vitarum
1121 1537 1299 1577 adhibitos,
1329 1538 1415 1579 quod
1442 1539 1565 1570 habent
1590 1541 1675 1571 male
1710 1541 1828 1572 omissa
1857 1541 1889 1572 in
1918 1542 2107 1573 recensione

458 1591 637 1634 posteriore
656 1590 870 1630 omittuntque
884 1588 1105 1620 additamenta
1120 1589 1204 1620 male
1221 1589 1316 1629 facta,
1332 1589 1470 1632 denique
1489 1591 1574 1632 quod
1591 1593 1779 1634 corruptelis
1795 1595 1904 1624 textus
1921 1593 2108 1624 recentioris

457 1646 545 1675 recte
574 1641 753 1674 medentur.
805 1640 933 1672 Deinde
962 1641 1108 1672 similiter
1136 1641 1214 1672 vitia
1242 1642 1455 1683 epitomarum
1486 1644 1707 1675 tractabuntur
1729 1645 1792 1676 alia
1814 1645 1852 1676 iis
1876 1645 2021 1687 propria,
2046 1646 2110 1676 alia

458 1699 534 1727 nata
566 1706 608 1725 cx
637 1693 907 1725 contaminatione
936 1703 1008 1724 cum
1035 1692 1124 1724 libris
1153 1693 1265 1734 plenis.
1322 1693 1360 1724 In
1389 1695 1535 1726 omnibus
1563 1695 1611 1727 his
1642 1696 1915 1738 disquisitionibus
1944 1697 2108 1739 specimen

458 1746 680 1779 tantummodo
705 1748 904 1787 proponetur
926 1755 985 1786 per
1007 1745 1111 1786 ipsam
1136 1745 1312 1776 editionem
1337 1746 1562 1788 supplendum.

561 1799 650 1830 Inter
673 1801 831 1835 auctores,
856 1807 935 1839 quos
958 1797 1095 1828 vitarum
1119 1797 1254 1839 scriptor
1277 1797 1433 1838 adhibuit,
1459 1809 1530 1830 cum
1553 1799 1692 1841 primum
1717 1800 1823 1831 locum
1847 1800 2016 1832 obtineant
2039 1800 2106 1842 epi-

459 1862 629 1893 scoporum
652 1850 797 1882 laterculi
822 1849 902 1888 duo,
927 1848 1032 1880 Index
1060 1852 1093 1880 et
1116 1848 1321 1889 Liberianus,
1360 1860 1470 1881 eorum
1499 1861 1649 1882 numeros
1685 1862 1781 1894 supra
1805 1852 1849 1894 (p.
1867 1851 1940 1891 LV)
1977 1851 2110 1883 demon-

464 1904 634 1935 stravimus
661 1912 780 1943 magna
804 1911 845 1932 ex
868 1904 960 1943 parte
991 1901 1125 1943 reperiri
1155 1902 1187 1932 in
1219 1902 1359 1943 epitome
1391 1902 1592 1943 Oononiana,
1623 1904 1719 1945 plane
1750 1904 1951 1936 oblitteratos
1981 1915 2052 1935 esse
2080 1904 2113 1935 in

462 1957 551 1988 libris
575 1955 770 1986 recensionis
793 1954 979 1996 posterioris
1002 1963 1066 1984 non
1089 1954 1311 1984 contaminatis
1336 1964 1406 1985 cum
1430 1955 1546 1996 priore.

564 2007 672 2038 Etiam
695 2007 749 2037 alii
772 2006 834 2037 loci
859 2016 901 2037 ex
924 2006 1072 2047 catalogo
1096 2005 1269 2036 Liberiano
1293 2006 1325 2037 in
1348 2006 1571 2038 Pontificalem
1596 2007 1741 2038 translati
1766 2007 1885 2049 passim
1908 2007 1940 2038 in
1964 2008 2113 2049 epitomis

462 2062 598 2092 formam
622 2070 700 2101 prae
725 2069 759 2090 se
783 2059 890 2089 ferunt
913 2057 954 2088 ad
978 2057 1187 2100 archetypum
1211 2058 1342 2100 propius
1366 2058 1576 2090 accedentem
1600 2069 1695 2100 quam
1714 2069 1796 2100 quae
1813 2059 1932 2106 legitur
1954 2059 1985 2090 in
2001 2059 2112 2091 Ponti-

462 2112 554 2144 ficali.
594 2111 631 2142 In
648 2111 741 2142 Cleto
766 2112 794 2147 6.
812 2123 823 2141 3
846 2110 1018 2141 verborum
1042 2112 1069 2140 et
1087 2109 1181 2140 initia
1198 2109 1378 2141 Domitiani
1400 2110 1431 2141 in
1454 2110 1516 2141 illis
1539 2110 1614 2141 solis
1638 2111 1810 2152 vestigium
1834 2111 1998 2143 remansit.
2038 2111 2113 2142 Pius

438 2163 441 2166 ’
463 2165 638 2196 collocatur
666 2163 697 2194 in
729 2162 877 2204 epitomis
906 2164 980 2203 post
1008 2161 1180 2192 Anicetum
1204 2172 1390 2203 perperam,
1415 2162 1472 2193 sed
1497 2173 1568 2193 cum
1599 2163 1752 2204 scriptore
1778 2163 1916 2204 catalogi
1939 2162 2113 2195 Liberiani.

462 2216 500 2247 In
524 2216 582 2246 Pio
610 2217 657 2254 14,
674 2227 686 2245 e
710 2214 809 2245 verba
836 2213 941 2253 frater
971 2214 1074 2253 ipsius
1106 2213 1252 2244 derivata
1284 2224 1326 2244 ex
1354 2214 1526 2245 Liberiano
1550 2214 1650 2245 habet
1679 2215 1749 2245 sola
1773 2215 1914 2256 epitome
1937 2214 2113 2246 Feliciana.

464 2267 617 2299 Miltiadis
651 2270 798 2308 tempora
832 2265 974 2297 indidem
1009 2268 1136 2307 sumpta
1169 2265 1265 2296 modo
1294 2264 1339 2307 (p.
1362 2265 1435 2306 CX)
1466 2265 1602 2297 vidimus
1631 2267 1663 2297 in
1698 2266 1846 2308 epitomis
1876 2266 1941 2307 legi
1974 2266 2112 2308 pessime

464 2320 674 2361 interpolata,
699 2322 732 2349 at
761 2319 793 2349 in
816 2318 1004 2349 recensione
1029 2318 1207 2359 posteriore
1231 2318 1347 2348 iterata
1371 2318 1618 2359 interpolatione
1643 2318 1728 2349 facta
1752 2317 1924 2349 deteriora.
1950 2337 1989 2340 —
2017 2318 2111 2349 Simi-

465 2373 538 2403 liter
569 2382 610 2402 ex
643 2371 833 2412 Hieronymi
863 2370 902 2401 de
936 2370 1010 2401 viris
1040 2369 1214 2400 illustribus
1244 2369 1353 2400 libello
1387 2380 1469 2411 quae
1499 2373 1609 2401 auctor
1633 2370 1733 2401 traxit
1761 2370 1792 2400 in
1823 2369 1921 2400 Petro
1946 2370 2003 2409 2,1
2028 2372 2060 2399 et
2084 2369 2115 2399 in

467 2423 635 2454 Clemente
661 2425 688 2461 7,
706 2436 744 2457 15,
774 2423 805 2453 in
835 2422 983 2464 epitomis
1014 2421 1055 2452 ad
1078 2424 1242 2452 auctorem
1265 2422 1396 2463 propius
1420 2421 1586 2453 accedunt.
1633 2421 1709 2453 Rari
1733 2422 1810 2461 loci,
1833 2421 1888 2452 ubi
1912 2431 1929 2452 e
1954 2421 2114 2452 contrario

468 2476 561 2516 plena
586 2475 729 2505 recensio
755 2485 825 2505 cum
850 2475 998 2514 catalogo
1015 2474 1187 2504 Liberiano
1204 2474 1256 2504 vel
1273 2484 1344 2504 cum
1361 2473 1560 2515 Hieronymo
1578 2474 1654 2505 facit
1671 2476 1781 2505 contra
1807 2473 1974 2514 epitomas,
2000 2472 2114 2502 mutati

468 2531 538 2557 sunt
563 2526 603 2557 ab
622 2527 833 2568 cpitomatore
855 2525 943 2567 (vide
960 2525 1041 2556 infra
1064 2536 1094 2566 p.
1113 2524 1220 2555 CXVI
1245 2528 1277 2555 et
1301 2524 1340 2555 de
1357 2525 1428 2556 loco
1446 2527 1496 2564 24,
1510 2537 1521 2555 a
1546 2535 1628 2566 quae
1645 2524 1838 2556 adnotantur
1854 2534 1885 2565 p.
1905 2522 2056 2561 CXXII).
2076 2540 2114 2545 -—

470 2578 577 2608 Pauca
608 2577 829 2609 tantummodo
858 2578 989 2609 huiusce
1017 2577 1145 2618 generis
1177 2576 1284 2607 afferri
1314 2580 1448 2618 possunt
1476 2580 1663 2618 eapropter,
1694 2575 1780 2618 quod
1808 2578 1933 2614 auctor,
1963 2577 2117 2615 utsupra

470 2630 615 2661 vidimus.
640 2640 702 2660 non
725 2631 842 2661 multos
867 2629 963 2660 libros
986 2630 1122 2671 scriptos
1145 2628 1292 2659 adhibuit
1315 2628 1419 2659 adhuc
1443 2632 1603 2660 extantes.

575 2682 665 2716 Quae
690 2682 807 2712 absunt
830 2681 870 2712 ab
896 2681 1054 2723 epitomis.
1079 2680 1194 2711 adsunt
1217 2681 1248 2711 in
1273 2680 1460 2711 recensione
1485 2681 1590 2722 plena,
1607 2682 1713 2711 utrum
1735 2679 1842 2710 omina
1863 2677 1925 2708 sint
1948 2687 1967 2707 a
1989 2676 2115 2707 brevia-

471 2738 540 2763 tore
566 2744 605 2763 an
631 2733 756 2764 adiecta
780 2734 819 2764 ab
845 2737 975 2765 auctore
1000 2732 1151 2772 secundo,
1176 2742 1273 2774 saepe
1299 2732 1430 2763 dubium
1452 2735 1570 2771 manet,
1595 2735 1628 2763 et
1651 2731 1702 2763 vel
1726 2730 1866 2762 maxime
1891 2732 2022 2770 propter
2045 2738 2117 2759 eam

470 2795 597 2815 causam
623 2786 842 2816 recensionem
866 2789 1007 2816 nostram
1031 2786 1076 2816 ita
1094 2785 1297 2821 instituimus,
1322 2787 1357 2815 ut
1382 2784 1421 2815 de
1440 2784 1573 2825 singulis
1590 2783 1666 2814 locis
1689 2783 1727 2813 iis
1744 2782 1796 2824 qui
1818 2782 1851 2812 in
1874 2791 1925 2812 res
1946 2780 2118 2822 inquirunt,

471 2835 620 2866 iudicium
654 2837 787 2867 liberum
819 2841 957 2868 mancat.
1010 2838 1197 2868 Laterculos
1227 2836 1474 2867 anathematum
1504 2846 1568 2867 non
1596 2835 1714 2867 afuisse
1745 2844 1764 2866 a
1794 2833 1981 2867 recensione
2012 2832 2117 2878 priore
