2245 3213
878 210 1091 236 EPJTOMAE
1745 209 1805 237 257

449 297 671 324 FELIOIANA

162 352 247 393 regis
279 350 480 382 Theoderici.

161 403 221 433 hoc
253 402 426 433 iudicatum
461 402 632 443 aequitatis
666 402 801 437 invenit,
836 405 869 431 ut
905 401 956 441 qui

162 455 248 495 prior
267 453 429 484 ordinatus
447 454 559 484 fuisset
580 454 631 484 vel
648 453 702 484 ubi
726 464 799 494 pars
816 453 956 483 maxima

161 506 410 543 consentiretur,
446 505 514 546 ipse
550 504 670 535 sederit
705 505 735 534 in
772 504 848 534 sede
878 513 984 544 apo-4

161 557 288 588 stolica:
304 557 389 598 quod
403 560 511 587 tamen
526 557 671 597 aequitas
686 556 716 586 in
730 555 955 597 Symmachum

161 608 280 638 invenit

161 671 193 698 et
217 668 356 709 cognitio
373 669 527 705 veritatis,
553 671 584 698 et
608 667 665 698 fuit
689 667 816 708 praesul
842 666 955 697 beatus

160 719 379 761 Symmachus.

161 779 285 810 Eodem
310 783 456 821 tempore
480 790 565 821 papa
589 778 798 820 Symmachus

160 840 236 870 fecit
260 839 380 880 synodo
406 843 438 870 et

163 900 324 930 constituit
353 900 560 930 Laurentium
595 900 626 929 111
656 898 793 928 Noceria
829 898 955 927 civitate

161 952 356 993 episcopum,
381 952 495 982 intuitu
512 950 760 982 misericordiae.
799 949 876 979 Post
900 959 955 978 an-

160 1013 217 1033 nos
241 1013 316 1033 vero
341 1003 417 1038 IIII,
442 1003 508 1033 zelo

161 1066 193 1093 et
216 1062 289 1093 dolo

162 1122 246 1153 ducti
280 1123 376 1164 aliqui
406 1134 447 1153 ex
475 1123 559 1153 clero
593 1126 625 1153 et
654 1122 750 1163 aliqui
782 1131 821 1151 ex
846 1123 956 1151 senato

160 1174 360 1205 incriminant
384 1174 611 1216 Symmachum

161 1238 193 1265 et
218 1234 392 1265 suburnant
416 1238 515 1266 testes
540 1235 647 1266 falsos.

161 1305 240 1336 quos
264 1296 417 1326 miserunt

160 1354 348 1385 Ravennam

160 1415 201 1445 ad
231 1425 341 1456 regem
373 1413 609 1445 Theodoricum
639 1414 832 1448 hereticum,
863 1423 955 1443 accu-

161 1470 268 1497 santes
306 1467 437 1497 beatum
478 1465 721 1507 Symmachum:
761 1469 793 1495 ct
832 1465 984 1495 occulte,

161 1520 313 1548 revocant
336 1517 545 1548 Laurentium
569 1517 722 1547 Romam:
756 1521 787 1547 et
812 1519 956 1547 fecerunt

161 1570 298 1600 schisma
323 1573 354 1600 et
378 1572 610 1610 separaverunt
634 1579 667 1599 se

161 1630 200 1660 ab
224 1630 359 1660 invicem

160 1700 232 1731 pars
257 1690 362 1730 aliqua
386 1699 404 1719 a
429 1690 650 1720 communione
677 1688 870 1730 Symmachi,

160 1746 326 1776 mittentes
350 1745 538 1776 relationem
563 1745 641 1785 regi,

161 1805 193 1832 et
215 1804 329 1843 petunt
352 1811 369 1831 a
394 1811 470 1841 rege
495 1801 695 1832 Theoderico
722 1801 918 1830 visitatorem

160 1857 243 1888 sedis
267 1857 442 1898 apostolice

160 1913 292 1944 Petrum
310 1913 518 1943 Altinantem.
566 1912 689 1943 Eodem
714 1916 858 1952 tempore
877 1911 954 1941 bea-

160 1968 210 1995 tus
226 1965 437 2006 Symmachus
451 1965 659 2005 congregavit
673 1964 841 2005 episcopos
856 1962 955 1997 CXX]
982 1967 983 2003 J

162 2020 194 2047 et
225 2016 309 2046 facto
341 2015 462 2056 synodo
492 2020 646 2057 purgatur
678 2026 696 2045 a
720 2017 850 2046 crimine
876 2016 955 2045 falso

162 2071 194 2099 et
218 2067 386 2098 damnatur
413 2067 526 2097 Petrus
551 2067 698 2098 Altinans

160 2128 288 2158 invasor
312 2126 396 2157 sedis
420 2127 616 2168 apostolicae

162 2191 193 2218 et
217 2187 407 2217 Laurentius
432 2187 617 2218 Nocerinus.

162 2248 251 2278 Tunc
280 2247 320 2277 ab
351 2247 497 2278 omnibus
531 2248 689 2288 episcopis
714 2251 746 2277 et
769 2248 957 2288 presbiteris

163 2303 195 2330 et
229 2299 370 2329 diaconis
406 2302 437 2329 et
472 2299 556 2330 clero
591 2299 851 2340 reddintegratur
880 2300 956 2330 sede

163 2350 360 2392 apostolicae
384 2349 499 2380 beatus

163 2410 373 2451 Symmachus
413 2420 483 2440 cum
527 2410 660 2451 gloriam
699 2411 784 2452 apud
828 2411 957 2442 beatum

163 2462 294 2492 Petrum
319 2460 432 2492 sedere
461 2462 598 2502 praesul.

267 2894 342 2912 LIBER
356 2893 528 2911 PONTIFICALIS
543 2894 556 2910 1.

533 350 594 385 Qui
626 350 699 380 dum
724 350 955 392 pervenissent,
982 366 983 375 1

1011 400 1071 430 1100

1297 294 1318 320 G
1322 294 1431 320 (JNON
1433 294 1449 318 I
1450 294 1473 318 A
1478 293 1507 319 N
1509 294 1530 318 A

1012 349 1095 389 regis·
1124 348 1325 378 Theoderici.
1383 346 1444 380 Qui
1474 357 1543 377 cum
1577 347 1806 387 pervenissent,

1682 402 1715 428 ut
1755 398 1807 438 qui

1011 452 1096 493 prior
1113 451 1276 481 ordinatus
1294 450 1405 480 fuisset
1429 450 1479 480 vel
1499 450 1552 480 ubi
1575 460 1648 490 pars
1665 449 1807 479 maxima

1117 399 1265 430 iudicium
1306 399 1455 440 equitatis
1499 398 1634 434 invonit,

1011 503 1257 538 consentiretur,
1293 503 1360 543 ipse
1396 501 1524 532 sederet
1560 502 1589 532 in
1620 501 1696 532 sede
1728 511 1806 541 apo-

1011 555 1136 585 stoliea:
1156 565 1217 595 quo
1233 558 1339 584 tamen
1363 554 1508 594 aequitas
1527 554 1557 583 in
1579 552 1805 594 Symmachum

1010 607 1139 637 invenit.

1011 779 1100 809 Tunc
1124 778 1237 808 beatus
1262 775 1471 817 Symmachus
1496 786 1579 816 papa

1012 898 1173 928 constituit
1185 897 1392 927 Laurentium
1408 896 1592 936 episcopum
1606 895 1636 925 111
1647 894 1807 924 Nuvhcria

1012 950 1149 987 civitate,
1174 949 1288 978 intuitu
1313 947 1549 978 misericordiae
1609 946 1684 976 Post
1708 956 1807 976 annos

1012 1012 1087 1032 vero
1104 1001 1181 1039 ΗΠ,
1207 1000 1275 1030 zelo

1013 1113 1097 1144 ducti
1128 1113 1224 1153 aliqui
1255 1122 1294 1142 ex
1325 1111 1410 1141 clero
1441 1114 1472 1141 et
1502 1111 1598 1151 aliqui
1629 1121 1669 1140 ex
1694 1112 1809 1139 senatu

1011 1165 1211 1195 incriminant
1236 1163 1477 1205 Symmachum:

1011 1294 1165 1324 miserunt

1011 1413 1051 1444 ad
1090 1423 1201 1454 regem
1241 1412 1441 1443 Theoderico
1484 1411 1675 1449 hereticum7
1715 1421 1807 1440 accu-

1011 1469 1118 1495 santes
1158 1465 1289 1495 beatum
1329 1463 1569 1505 Symmachum:
1615 1467 1646 1493 et
1686 1462 1808 1492 occulte

1011 1520 1162 1548 revocant
1192 1516 1399 1546 Laurentium
1426 1515 1577 1545 Romam:
1608 1518 1639 1544 et
1664 1516 1807 1544 fecerunt

1011 1569 1157 1600 scismam
1183 1571 1214 1598 et
1238 1570 1469 1609 separaverunt
1493 1577 1526 1596 sc

1011 1700 1083 1731 pars
1108 1689 1215 1729 aliqua
1239 1698 1257 1717 a
1281 1687 1503 1718 communione
1529 1685 1744 1728 Symmachi,⁴

1009 1804 1157 1843 petentes
1182 1811 1199 1830 a
1223 1810 1301 1840 rege
1326 1799 1468 1829 heretico
1494 1799 1688 1829 visitatorem

1010 1914 1141 1944 Petrum
1181 1912 1359 1943 Altinatim.
1427 1910 1515 1940 Tunc
1562 1910 1674 1940 beatus
1714 1909 1805 1949 Sym-

1011 1965 1141 1996 machus
1182 1963 1390 2004 congregavit
1432 1963 1599 2003 episcopos
1637 1961 1735 1991 CXV.
1778 1964 1809 1990 ct

1011 2018 1096 2048 facto
1128 2016 1249 2058 synodo
1278 2018 1433 2056 purgatur
1464 2025 1479 2043 3
1511 2013 1640 2043 crimine
1672 2013 1751 2042 falso
1777 2016 1809 2041 et

1012 2069 1180 2099 damnatur
1204 2067 1317 2098 Petrus
1345 2066 1469 2096 Altinas

1013 2192 1044 2219 et
1068 2187 1258 2218 Laurentius
1282 2185 1476 2218 Nucerinus:

1013 2410 1222 2451 Symmachus
1246 2420 1322 2439 vero
1348 2419 1417 2439 011111
1442 2418 1557 2449 magno
1583 2408 1703 2438 honore
1728 2406 1809 2437 sedit

985 2462 986 2468 ¹
1013 2464 1044 2493 in
1069 2462 1145 2492 sede
1171 2472 1236 2492 5113,

1017 2523 1106 2553 Tunc
1118 2522 1232 2552 Festus
1250 2521 1400 2562 patricius
1417 2520 1501 2560 cepit
1518 2520 1599 2549 intra
1616 2519 1694 2550 111110
1713 2519 1809 2549 cedes

1014 2574 1120 2604 faeere
1145 2574 1175 2603 in
1201 2574 1301 2609 clero,
1333 2572 1384 2613 qui
1410 2570 1689 2602 comni[micabant
1713 2571 1808 2600 beato

985 2657 986 2660 ,
1013 2625 1220 2666 Symmachoq
1257 2628 1288 2654 ct
1322 2624 1486 2664 deponens
1514 2623 1663 2653 mulieres
1695 2623 1809 2652 sancti-

985 2669 1167 2707 'moniales
1213 2676 1251 2706 (le
1296 2675 1486 2705 habitaculis
1525 2674 1605 2721 suis,
1645 2673 1810 2704 denudans

985 2731 986 2742 ³
1013 2738 1125 2759 sexum
1158 2727 1347 2759 femineum,
1377 2726 1495 2757 cedens
1527 2725 1677 2763 fustibus„
1702 2727 1809 2768 ibique

985 2800 986 2820 1
1014 2780 1131 2810 inultos
1149 2778 1334 2808 sacerdotes
1350 2777 1473 2808 occidit.

1512 2777 1585 2808 Fuit
1602 2780 1710 2808 autem
1732 2779 1807 2809 bea-

1015 2834 1065 2861 tus
1090 2829 1299 2871 Symmachus
1330 2840 1347 2860 a
1372 2830 1537 2860 consolatu
1561 2829 1686 2861 Paulini
1709 2841 1810 2872 usque

1574 2884 1606 2909 323
