2245 3213
390 213 440 239 xli
1078 212 1361 238 PROLEGOMENA.

391 300 598 330 crederentur
629 310 691 330 non
724 300 847 340 privata
878 309 977 341 opera
1000 299 1204 337 elaboratae,
1239 299 1297 330 sed
1328 298 1367 329 ab
1397 299 1472 340 ipsis
1501 299 1659 341 episcopis
1691 299 1848 331 ecclesiae
1872 300 2043 342 primariae

392 352 519 393 publice
559 350 681 383 editae.
721 351 924 381 continuatae
959 354 1086 389 autem,
1124 360 1196 381 cum
1234 350 1275 381 ad
1310 349 1444 381 Damasi
1481 351 1580 392 ipsius
1615 351 1712 382 vitam
1750 354 1783 382 et
1819 351 2042 393 episcoporum

391 403 602 444 posteriorum
631 403 743 433 notitia
768 403 907 433 auctoris
935 402 1021 433 nulla
1050 401 1212 443 adscripta
1241 402 1451 443 reperiretur,
1480 403 1567 433 iussu
1593 402 1832 434 succedentium
1857 403 2042 444 pontificum

391 462 554 495 tamquam
579 464 677 495 opera
701 453 828 495 publice
854 453 1015 484 mandata.
1056 452 1258 484 Procedente
1282 456 1390 484 aetate
1415 463 1492 484 sane
1518 457 1550 484 et
1573 454 1654 485 libro
1679 454 1720 485 ab
1745 455 1882 486 ecclesia
1910 459 2041 497 recepto

391 516 466 536 vcro
491 506 673 547 pontificum
699 505 784 535 iussu
809 515 882 535 eum
908 505 1125 535 continuatum
1157 514 1227 534 esse
1252 504 1419 545 probabile
1445 508 1503 544 est,
1529 504 1584 536 sed
1610 505 1650 536 ad
1675 516 1746 536 eam
1770 508 1922 546 aetatem,
1947 517 2042 548 quam

391 557 465 587 mihi
501 556 699 587 tractandam
735 556 870 597 sumpsi,
905 555 937 586 id
972 556 1026 586 vix
1062 555 1207 597 pervenit
1221 555 1255 595 ¹).
1314 555 1452 586 Omnino
1490 556 1572 587 haec
1609 557 1676 587 sive
1714 557 1830 588 ficticia
1863 558 1931 589 sive
1965 569 2043 589 vcra

392 608 479 648 origo
504 609 631 649 publica
662 607 881 638 incredibilem
912 608 1053 648 corporis
1084 617 1143 648 per
1173 607 1302 638 saecula
1334 608 1513 648 posteriora
1536 608 1760 639 auctoritatem
1791 609 1977 650 explicabit.
2002 629 2041 633 —

391 660 595 690 Anastasium
620 659 898 690 bibliothecarium
915 658 1041 690 Nicolai
1058 658 1071 689 Ι
1097 669 1180 689 saec.
1198 658 1245 689 IX
1270 662 1436 689 auctorem
1461 660 1603 700 corporis
1620 660 1797 701 appellavit
1820 661 1939 702 primus
1956 661 2042 692 Pan-

390 712 491 741 vinius
516 721 604 741 mero
630 721 747 749 errore,
773 710 889 741 deinde
914 721 972 752 per
996 711 1125 741 saecula
1147 710 1287 741 refutato
1313 709 1453 751 quidem,
1478 710 1534 741 sed
1557 721 1621 741 non
1647 711 1785 742 abiecto.
1830 710 1978 744 Diximus
2003 713 2042 744 de

391 773 428 793 eo
459 763 554 796 infra.
588 763 641 793 ubi
671 762 810 792 editores
841 766 873 792 et
901 766 1074 804 apparatus
1107 765 1323 793 recensentur.
1360 780 1396 783 —
1433 761 1566 792 Librum
1594 762 1746 804 scriptum
1777 773 1847 794 esse
1877 774 1896 794 a
1919 763 2043 795 clericis

391 814 547 845 dioecesis
572 815 737 845 Romanae
766 813 840 844 inde
864 814 1064 855 potissimum
1089 816 1239 855 apparet.
1268 813 1353 854 quod
1380 813 1501 854 passim
1525 816 1672 845 auctores
1707 813 1829 845 addunt
1857 818 1929 846 acta
1960 825 2042 857 quae

391 866 487 896 citant
511 865 672 897 adscrvari
697 866 727 896 in
752 866 819 896 eius
844 865 963 904 archio,
988 876 1051 907 qua
1075 864 1115 895 de
1140 875 1174 895 re
1197 865 1289 904 infra,
1314 865 1369 896 ubi
1392 864 1431 896 de
1455 865 1597 896 fontibus
1625 865 1762 905 dicetur,
1787 876 1891 897 sermo
1916 866 2041 898 redibit.

392 917 587 948 Fonfirmant
620 928 687 948 rcm
717 918 916 958 aliquatenus
948 920 1035 948 certe
1067 917 1227 948 domicilia
1251 917 1398 947 codicum
1423 917 1724 958 antiquissimorum.
1771 916 1890 949 Classis
1921 918 2043 960 primae

390 969 471 999 liber
498 970 666 1010 primarius
697 973 731 999 ut
760 969 856 999 hodie
888 969 932 999 ita
963 969 1085 1009 origine
1117 972 1166 999 est
1193 968 1361 1008 Lucensis,
1399 968 1608 1010 eiusdemque
1639 969 1749 1000 classis
1777 969 1859 1000 libro
1889 979 1964 1000 usus
1995 973 2044 1001 est

391 1020 573 1051 Hadrianus
597 1021 611 1051 Ι
636 1022 804 1062 episcopus
828 1020 992 1051 Romanus
1016 1020 1103 1062 (vide
1128 1021 1169 1051 ad
1193 1022 1243 1060 98,
1259 1020 1301 1061 4).
1349 1019 1468 1051 Classis
1496 1022 1611 1052 tertiae
1635 1020 1839 1062 interpolatio
1862 1030 1925 1051 una
1955 1025 2043 1052 certe

391 1072 478 1111 (vide
514 1074 594 1103 infra
623 1072 663 1103 ad
697 1075 745 1109 32,
771 1074 801 1109 2)
836 1073 913 1103 item
949 1072 1035 1103 ducit
1070 1072 1111 1103 ad
1144 1072 1324 1112 Etruriam,
1364 1076 1397 1104 et
1431 1083 1473 1104 ex
1507 1072 1664 1104 eiusmodi
1693 1072 1774 1103 libro
1809 1076 1937 1114 sumpta
1971 1076 2044 1104 sunt

390 1134 475 1155 saec.
499 1123 562 1154 Vll
593 1128 746 1165 excerpta.
775 1124 911 1154 fortasse
939 1134 1003 1154 non
1035 1124 1206 1155 adservata
1235 1127 1375 1157 tantum.
1411 1123 1468 1155 sed
1501 1124 1619 1165 scripta
1648 1134 1775 1165 quoque
1805 1123 1959 1155 Mutinae.
2006 1125 2043 1156 In

391 1176 529 1206 secunda
555 1176 655 1206 classe
681 1176 891 1217 antiquissimi
916 1176 1033 1217 quique
1058 1175 1130 1206 libri
1153 1179 1226 1206 sunt
1251 1175 1431 1206 Bobienses
1463 1175 1525 1206 duo
1541 1200 1548 1214 ,
1576 1175 1672 1206 hodie
1696 1176 1779 1206 alter
1799 1175 2043 1218 Neapolitanus,

391 1227 472 1258 alter
496 1227 711 1258 Taurinensis.
758 1227 841 1258 Item
866 1227 1081 1258 adhibuerunt
1105 1228 1221 1259 librum
1244 1231 1392 1258 auctores
1415 1227 1519 1258 Italici
1542 1228 1661 1258 vetusti
1687 1227 1808 1258 Paulus
1835 1227 1986 1259 diaconus
2010 1232 2043 1259 et

391 1280 442 1320 qui
471 1280 595 1320 scripsit
625 1283 717 1320 gesta
747 1280 971 1321 episcoporum
1001 1279 1297 1321 Neapolitanorum.
1344 1279 1436 1310 Beda
1467 1279 1592 1320 Anglus
1621 1279 1706 1321 quod
1738 1279 1853 1310 eodem
1881 1290 1956 1310 usus
1984 1284 2042 1319 est,

391 1331 582 1362 commercio
614 1332 681 1362 eius
706 1341 776 1362 cum
802 1331 891 1362 Italis
916 1334 1004 1362 recte
1029 1331 1178 1362 convenit
1200 1341 1306 1372 neque
1337 1331 1482 1362 absimile
1510 1331 1579 1362 veri
1603 1334 1652 1362 est
1673 1331 1897 1362 Pontificalem
1926 1332 2042 1363 librum

391 1382 608 1424 Transalpinis
632 1383 769 1424 primum
793 1383 967 1414 innotuisse
992 1393 1050 1425 per
1074 1383 1212 1414 eundem
1229 1382 1365 1414 Bedam.
1404 1382 1576 1424 Epitomae
1600 1386 1686 1414 certe
1706 1379 1931 1423 Cononianae,
1947 1394 2042 1425 quam

390 1445 464 1465 mox
489 1435 666 1465 videbimus
697 1435 848 1476 scriptam
879 1445 950 1466 esse
973 1435 1005 1465 in
1034 1435 1230 1466 monasterio
1263 1435 1369 1476 aliquo
1399 1434 1556 1465 dioecesis
1579 1434 1879 1476 Augustodunensis
1905 1435 1938 1466 in
1960 1434 2042 1466 Bur-

391 1486 509 1527 gundia
543 1491 575 1517 et
605 1487 689 1517 inter
720 1487 903 1517 testimonia
938 1487 976 1517 de
1008 1486 1189 1517 Pontificali
1224 1487 1420 1528 transalpina
1448 1490 1594 1528 tempore
1622 1487 1759 1528 primum
1787 1487 1892 1517 locum
1920 1490 2043 1526 tenere,

391 1539 530 1579 origines
562 1538 762 1579 aliquatenus
795 1539 983 1570 coniunctae
1015 1542 1088 1569 sunt
1126 1549 1197 1569 cum
1235 1538 1392 1570 Bedanis:
1430 1549 1504 1569 nam
1543 1539 1595 1580 qui
1632 1539 1753 1580 primus
1789 1549 1861 1569 eam
1898 1538 2044 1570 adhibuit

391 1595 502 1620 auctor
525 1590 745 1621 chronicorum
771 1601 797 1621 a.
818 1592 875 1621 741
904 1594 990 1621 totus
1013 1590 1135 1632 pendet
1151 1601 1170 1621 a
1186 1590 1286 1621 Beda.
1325 1591 1524 1622 Felicianam
1549 1591 1714 1632 epitomen
1737 1594 1770 1621 et
1793 1591 1895 1632 ipsam
1920 1591 2042 1632 origine

392 1642 547 1672 Gallicam
579 1643 655 1673 item
687 1642 768 1673 infra
797 1642 968 1684 apparebit
990 1653 1054 1673 non
1078 1643 1161 1673 sexti
1185 1643 1306 1673 saeculi
1330 1653 1412 1679 esse.
1436 1642 1495 1673 sed
1519 1643 1633 1673 octavi.
1677 1642 1850 1673 Gestorum
1873 1643 2042 1685 plenorum

392 1693 518 1724 codices
551 1695 672 1735 origine
698 1694 827 1734 Gallici,
861 1695 944 1726 inter
974 1705 1053 1736 quos
1083 1695 1225 1725 eminent
1247 1694 1444 1733 Fuldenses,
1474 1704 1669 1736 quamquam
1699 1694 1788 1725 multi
1820 1697 1907 1734 sunt,
1939 1694 2043 1725 nullus

391 1746 472 1776 inter
497 1756 552 1776 cos
577 1747 734 1787 reperitur
758 1747 893 1788 scriptus
917 1750 992 1778 ante
1018 1746 1168 1777 Carolum
1192 1757 1353 1788 magnum.
1380 1766 1420 1768 —
1443 1746 1528 1777 Num
1551 1747 1582 1777 in
1606 1747 1677 1788 ipsa
1699 1746 1779 1777 urbe
1803 1746 1885 1777 liber
1908 1746 2044 1787 scriptus

392 1797 439 1835 sit,
465 1797 567 1827 minus
591 1804 713 1829 certum
738 1802 802 1830 est:
826 1808 900 1829 nam
924 1798 1010 1839 quod
1034 1799 1134 1829 multa
1157 1801 1326 1829 narrantur
1350 1798 1390 1829 de
1407 1798 1512 1829 Roma
1535 1798 1614 1829 urbe
1640 1798 1772 1839 eiusque
1795 1798 1874 1829 locis
1896 1801 1929 1829 et
1952 1797 2041 1828 aedi-

391 1849 483 1887 ficiis,
515 1860 556 1879 ex
589 1860 623 1880 re
656 1850 881 1891 explicandum
907 1854 969 1889 est,
999 1861 1062 1881 non
1095 1860 1137 1881 ex
1160 1851 1299 1881 auctoris
1323 1850 1494 1881 domicilio.
1539 1849 1725 1880 Fundorum
1749 1850 1884 1881 civitatis
1908 1850 2044 1891 scriptor

392 1900 439 1929 bis
472 1901 615 1931 meminit
653 1902 683 1931 in
714 1901 828 1932 Sotere
859 1912 888 1943 p.
923 1904 997 1932 16.ῐ
1038 1905 1070 1932 et
1099 1902 1130 1932 in
1159 1902 1317 1933 Antei-ote
1353 1913 1383 1944 p.
1409 1903 1460 1941 26,
1482 1904 1517 1932 10
1553 1901 1650 1932 modo
1685 1901 1846 1942 singulari.
1881 1919 1923 1923 —
1958 1901 2042 1932 Con-

393 1951 585 1983 tinuationes
617 1953 647 1982 in
677 1953 745 1994 ipsa
776 1953 854 1983 urbe
887 1953 1081 1995 conscriptas
1105 1964 1176 1984 esse
1200 1953 1274 1984 inde
1299 1953 1471 1995 colligitur,
1503 1952 1589 1995 quod
1616 1953 1707 1995 plura
1737 1953 1769 1983 in
1792 1953 1829 1983 iis
1861 1953 2043 1984 referuntur

393 2003 561 2045 desumpta
588 2014 629 2034 ex
654 2005 732 2035 actis
756 2005 905 2035 tabularii
927 2005 1076 2036 Vaticani
1101 2005 1146 2047 (p.
1160 2005 1286 2047 XXII).

495 2055 634 2086 Titulum
659 2057 765 2097 operis
789 2056 859 2087 libri
885 2056 1060 2087 secundum
1089 2057 1206 2088 classes
1238 2068 1311 2088 suas
1341 2057 1506 2088 enuntiant
1529 2057 1590 2095 sic,
1622 2057 1817 2088 collocantes
1846 2066 1918 2087 eum
1943 2055 2039 2087 modo

392 2111 465 2137 ante
491 2107 644 2148 epistulas
668 2108 889 2148 pracfatorias,
914 2107 1009 2138 modo
1034 2111 1107 2149 post
1131 2118 1195 2147 eas,
1221 2108 1316 2139 modo
1342 2109 1539 2150 geminatum
1562 2108 1632 2139 loco
1657 2104 1808 2149 utroque}

494 2157 529 2188 cl.
546 2158 581 2188 I:
605 2159 806 2200 episcopale:
832 2159 877 2189 sir
900 2159 946 2189 Al
969 2162 1043 2189 ante
1065 2159 1234 2198 epistulas;
1257 2160 1403 2190 A⁵A⁶A⁷
1428 2159 1519 2190 titulo
1543 2162 1658 2191 carent.

495 2209 529 2240 cl.
547 2210 585 2240 ΙΙ
611 2210 682 2240 libri
711 2211 820 2249 optimi
848 2211 963 2249 quique
990 2212 1003 2239 (
1010 2210 1129 2242 '³13⁴B1
1163 2211 1289 2242 tilulum
1320 2211 1443 2242 nullum
1473 2211 1601 2249 habena
1630 2210 1744 2250 reliqui
1772 2210 1913 2242 mel-iores
1942 2210 2042 2242 B²B³

598 2261 667 2299 (ubi
685 2262 777 2301 prim·
801 2262 914 2292 titulus
938 2263 1042 2300 deficit
1058 2263 1182 2302 paqina
1205 2266 1279 2294 ante
1303 2263 1455 2303 epistulas
1476 2273 1578 2294 vacua
1602 2262 1726 2303 relicta)
1749 2262 1798 2293 B⁵
1821 2262 1931 2302 (cuius
1946 2262 2040 2301 prin-

599 2314 714 2352 cipium
739 2314 933 2352 deperditum
956 2314 1057 2353 explet
1080 2314 1295 2355 apoyraplmm
1316 2315 1581 2355 Audomariense)
1605 2314 1653 2345 Be
1676 2314 1746 2355 (ubi
1768 2314 1850 2345 deest
1872 2324 1941 2345 cum
1960 2313 2041 2355 folio

592 2366 698 2404 primo
727 2365 840 2396 titulus
857 2366 964 2405 prior)
988 2365 1076 2397 1571]
1106 2366 1213 2397 titulos
1239 2366 1352 2398 habent
1381 2367 1468 2404 duos,
1497 2366 1631 2397 alterum
1660 2369 1733 2397 ante
1762 2364 1930 2404 epistulas:
1960 2364 2042 2396 liber

598 2417 789 2459 episcopalis
814 2417 878 2458 (ep.
903 2429 960 2448 om.
979 2417 1042 2455 ΒΤ)
1072 2418 1102 2448 in
1127 2428 1188 2459 quo
1214 2419 1417 2449 continentur
1445 2421 1517 2449 acta
1547 2418 1716 2449 beatorum
1743 2417 1929 2459 pontificum
1952 2416 2041 2447 urbis

600 2468 740 2507 Romae,
763 2468 895 2499 alterum
920 2472 993 2499 mlle
1019 2470 1114 2499 ritas.-
1138 2473 1230 2509 gesta
1254 2480 1348 2511 supra
1366 2470 1554 2511 scriptorum
1573 2470 1712 2511 (scriptis
1728 2469 1790 2510 B7)
1807 2468 1992 2510 pontificum
2002 2466 2039 2509 ²).

392 2579 487 2603 scilicet
515 2580 653 2604 ‹lirumatii
683 2586 706 2605 et
736 2582 864 2606 Heliodori
892 2582 924 2606 ad
954 2582 1139 2614 Hieronymum
1168 2582 1198 2605 dc
1227 2583 1406 2614 martyrologio
1435 2583 1577 2607 Eusebiano
1607 2581 1727 2607 vertendo
1755 2585 1780 2605 et
1807 2581 1883 2605 huius
1910 2580 2040 2612 responsio

392 2622 545 2646 admittens.
582 2624 630 2647 Eas
656 2624 779 2655 epistulas
802 2625 930 2657 adlegatas
955 2625 1004 2649 iam
1029 2634 1044 2649 a
1067 2625 1217 2649 Cassiodoro
1240 2624 1326 2656 (inser.
1346 2626 1396 2649 div.
1416 2625 1464 2650 litt.
1483 2634 1504 2650 c.
1518 2624 1562 2650 32:
1577 2625 1711 2657 passiones
1730 2627 1872 2656 martyrum
1891 2623 1962 2655 leqite
1980 2631 2039 2647 con-

393 2669 496 2693 stanter,
515 2673 578 2696 quas
597 2666 663 2689 inter
681 2667 734 2690 aliu
756 2668 780 2691 ῐιι
800 2667 909 2698 epistula
927 2668 1009 2692 sancti
1028 2667 1179 2699 Hieronymi
1197 2667 1232 2691 ad
1250 2667 1423 2692 Chromatium
1441 2672 1465 2693 et
1484 2668 1654 2693 Heliodorum
1672 2666 1806 2698 reperitis),
1824 2669 1918 2691 temere
1936 2665 2039 2690 omnino

393 2708 491 2731 ficticiis
511 2709 583 2732 hodic
604 2709 680 2739 vulgo
700 2711 886 2739 adnumeratas,
907 2711 1064 2735 pontificalis
1082 2711 1140 2735 libri
1159 2712 1258 2735 auctori
1278 2716 1350 2735 notas
1369 2712 1448 2736 fuisse
1467 2712 1500 2736 ad
1519 2712 1597 2736 vitam
1615 2709 1758 2735 Marcellini
1778 2708 1814 2741 (p.
1827 2708 1870 2738 41)
1890 2708 1996 2733 ostendi.

499 2751 517 2773 ¹»
537 2750 646 2775 Nostrae
666 2753 732 2776 mlix
751 2754 818 2784 quod
838 2755 953 2779 meminit
973 2755 1027 2779 vita
1046 2755 1150 2778 Martini
1175 2755 1184 2778 1
1204 2762 1227 2786 p.
1245 2753 1300 2783 151,
1313 2761 1336 2778 ιε
1355 2763 1406 2779 non
1425 2758 1493 2779 recte
1513 2755 1563 2779 huc
1582 2754 1705 2779 trahitur:
1725 2752 1796 2776 locus
1814 2751 1881 2776 enim
1900 2751 2041 2783 descriptus

393 2801 430 2818 est
444 2804 474 2819 ex
491 2796 552 2818 actis
571 2796 670 2819 concilii
686 2797 813 2821 Laterani,
885 2798 906 2829 ²)
925 2798 1004 2822 Omisi
1024 2806 1089 2830 quae
1110 2797 1277 2830 praemittunt
1289 2797 1392 2821 B²B³D
1411 2798 1500 2830 priori:
1520 2798 1547 2821 in
1565 2797 1666 2822 nomine
1685 2794 1782 2820 domini
1800 2794 1852 2824 (dei
1869 2798 1892 2819 et
1904 2793 2041 2818 saluatoris

394 2838 440 2861 ins.
457 2837 499 2867 15²„
522 2839 600 2862 nuarri
619 2839 670 2862 [cau
690 2839 775 2863 christi
794 2840 880 2870 incipit
900 2854 929 2857 —
950 2840 985 2864 B⁷
1004 2841 1104 2872 incipi&
1124 2840 1254 2872 posteriori
1275 2839 1440 2864 B²·⁸·⁶·⁸¹⁸D:
1462 2840 1490 2864 in
1509 2840 1550 2865 dei
1567 2840 1667 2864 nomine
1685 2838 1817 2870 incipiunt.
