2245 3213
384 224 447 250 VllI
1070 222 1351 250 PROLEGOMENA.

385 310 464 342 haec
489 322 547 352 per
571 315 671 342 totum
697 311 858 342 saeculum
885 311 1021 352 primum
1046 310 1098 340 rix
1125 309 1269 347 admisit,
1304 312 1390 341 certe
1421 309 1495 341 inde
1519 320 1538 340 a
1561 312 1716 351 vergente
1740 310 1869 342 saeculo
1893 311 2034 342 secundo

384 363 607 404 cpiscoporum
633 363 700 393 cius
725 363 896 393 laterculus
921 362 1027 393 extitit
1051 362 1096 392 ita
1120 361 1292 401 formatus⁷
1323 364 1357 392 ut
1381 361 1513 393 Petrum
1543 372 1607 392 non
1639 362 1742 393 solum
1767 363 1923 394 ecclesiae
1946 363 2034 395 urbis

385 414 508 445 Romae
534 419 712 445 creatorem
738 415 869 446 faceret.
894 414 951 444 sed
975 414 1052 444 item
1070 413 1269 445 conditorem
1287 413 1491 455 episcopatus
1515 414 1686 455 singularis
1709 417 1742 445 et
1765 414 1806 445 ab
1824 424 1862 445 eo
1878 415 2033 457 incipiens

385 466 570 497 decurreret
601 466 640 496 ad
665 471 808 507 tempora
840 466 1026 507 posteriora.
1073 464 1268 506 Temporum
1298 475 1426 506 quoque
1456 465 1561 507 spatia
1590 465 1631 496 ad
1658 465 1784 507 singula
1810 466 1939 498 nomina
1969 467 2034 498 iam

385 528 421 548 ea
453 521 560 548 aetate
593 517 751 558 adscripta
784 517 879 547 fuisse
909 527 970 547 non
1002 516 1182 551 dubitatum
1219 516 1316 546 etiam
1347 527 1398 547 res
1433 519 1556 558 gestas,
1594 517 1716 548 scilicet
1749 528 1830 559 quae
1864 518 2034 550 ecclesiam

384 574 565 609 tangerent,
598 580 614 599 a
640 569 800 599 laterculis
823 579 885 599 non
916 579 1044 611 prorsus
1074 568 1191 599 afuisse
1216 568 1386 599 verisimile
1412 571 1470 599 est.
1516 568 1699 600 Primitivus
1728 569 1779 600 hic
1810 570 2034 612 episcoporum

386 621 600 651 Romanorum
637 620 733 651 index
769 620 1011 651 fundamentum
1047 624 1095 651 est
1128 620 1263 651 vitarum
1299 620 1484 661 pontificum
1518 620 1737 652 Romanorum
1773 621 1913 664 eorporis
1948 621 2034 663 quod

385 672 507 703 edimus
532 672 862 713 pscmlo-I)ainasiani
888 673 943 712 (sic
969 673 1053 703 enim
1078 671 1343 714 appellabimusl:
1368 673 1489 703 scilieet
1512 673 1640 704 nomina
1665 674 1732 704 cius
1750 676 1782 705 et
1806 673 1910 715 spatia
1933 676 1968 704 ut
1992 684 2034 704 ex

384 731 474 765 parte
493 724 605 754 ficticia
624 731 705 756 sunt.
730 725 773 755 ita
798 725 838 755 ab
864 725 1082 766 antiquissimo
1106 724 1160 754 illo
1184 724 1339 755 laterculo
1363 734 1427 755 non
1449 724 1605 756 recedunt
1624 725 1683 756 nisi
1699 735 1761 756 uuo
1777 725 1859 764 loco⁷
1882 725 2031 756 nimirum

385 776 436 817 qui
461 786 543 806 nunc
566 776 598 806 in
622 776 726 807 indice
751 777 877 818 quintus
907 780 954 807 est
977 776 1189 815 Anenclctus,
1219 786 1292 806 cum
1324 779 1448 807 constat
1477 776 1627 807 effectum
1652 786 1722 807 esse
1747 786 1788 807 ex
1811 776 1939 807 nomine
1964 777 2033 817 epi-

385 828 472 869 scopi
497 827 579 858 tertii
605 827 687 858 Cleri
711 828 795 858 male
812 828 976 868 geminato
1002 831 1034 857 ct
1050 827 1229 857 immutato,
1277 827 1342 858 Sed
1359 828 1515 859 ecclesiae
1533 827 1700 859 Romanae
1717 827 1892 870 primordia
1909 828 2033 869 episeo-

384 879 468 920 palia
485 879 724 910 difficultatibus
741 880 847 910 multis
865 883 897 910 ct
914 879 1063 919 gravibus
1082 879 1222 910 obnoxia
1241 879 1301 910 hoc
1325 880 1396 911 loco
1413 890 1476 910 non
1493 879 1740 922 explicabuntur
1752 878 1792 921 1);
1816 879 1913 910 alium
1929 879 2034 910 locum

384 939 415 961 et
441 931 628 972 ampliorem
654 941 691 962 ea
716 931 775 962 sibi
800 931 962 972 postulant
985 934 1081 972 atquo
1110 931 1344 972 praefationem
1369 932 1495 973 corpori
1510 932 1647 963 vitarum
1672 932 1897 974 episcoporum
1923 942 2034 962 eorum

383 994 440 1024 per
464 982 558 1013 medii
591 983 660 1013 aevi
692 983 842 1013 tenebras
866 983 1041 1024 e'omposito
1073 982 1352 1024 praemittendam.
1399 983 1504 1015 Missis
1532 984 1629 1025 igitur
1651 984 1781 1026 reliquis
1807 983 2034 1025 cpiscoporum

383 1035 599 1065 Romanorum
624 1035 784 1065 laterculis
809 1038 873 1065 tam
897 1035 1015 1065 inserto
1048 1035 1202 1066 chronicis
1229 1035 1362 1067 Eusebii
1394 1039 1426 1066 et
1459 1035 1649 1077 Hieronymi
1678 1046 1774 1077 quam
1805 1045 1884 1077 quos
1913 1034 2035 1066 habent

383 1087 499 1128 scripta
526 1087 742 1118 ecclesiastica
765 1087 837 1126 alia,
863 1087 1064 1118 solummodo
1088 1087 1149 1118 hoc
1171 1088 1242 1119 loco
1268 1088 1475 1119 tractabimus
1498 1088 1619 1119 indices
1638 1089 1773 1119 vitarum
1791 1087 1871 1119 duos
1889 1097 2033 1118 seorsum

384 1138 514 1168 traditos
543 1138 602 1169 hoc
627 1142 734 1169 nostro
759 1149 893 1180 corpore
914 1138 1265 1181 pseudo-Damasiano
1294 1140 1471 1171 anteriores
1499 1143 1531 1171 et
1558 1141 1645 1181 ipsos
1673 1141 1704 1171 in
1731 1139 1764 1171 id
1788 1142 1952 1181 recept0s;
1977 1139 2034 1170 ad-

382 1191 550 1231 iungemus
573 1191 649 1221 item
676 1190 888 1231 fragmentum
914 1191 1053 1232 corporis
1078 1191 1214 1222 vitarum
1232 1191 1428 1223 Damasiano
1446 1192 1555 1223 similis
1579 1192 1619 1223 ab
1643 1192 1704 1223 hoc
1727 1202 1791 1223 non
1808 1191 2034 1233 separandum.

486 1243 656 1284 Antiquior
680 1242 814 1272 duorum
838 1242 976 1273 indic-um
1000 1243 1126 1273 illorum
1150 1243 1176 1273 is
1193 1242 1320 1274 videtur
1343 1254 1424 1283 esse7
1450 1244 1503 1286 qui
1526 1254 1590 1275 non
1611 1244 1711 1275 habet
1734 1244 1794 1275 nisi
1817 1243 1904 1274 nuda
1926 1243 2033 1285 ponti-

383 1295 477 1325 ficum
502 1295 628 1325 nomina
660 1304 834 1335 eorumque
868 1295 972 1336 spatia
996 1305 1054 1336 per
1078 1305 1177 1325 annos
1201 1305 1328 1326 menses
1353 1295 1430 1327 dies.
1476 1295 1620 1327 Indicem
1653 1296 1711 1337 (sic
1743 1296 1827 1326 enim
1850 1295 1935 1326 nude
1960 1305 2034 1326 eum

384 1346 597 1388 appellamus)
623 1346 821 1376 tradiderunt
851 1357 985 1388 corpora
1014 1347 1275 1378 constitutionum
1307 1348 1595 1379 ecclesiasticarum
1625 1358 1643 1378 a
1673 1350 1767 1379 sexto
1796 1347 1870 1378 inde
1904 1348 2033 1378 saeculo

382 1399 500 1440 passim
525 1398 712 1439 compilata:
746 1398 803 1428 sed
830 1398 998 1439 probabile
1027 1402 1076 1429 est
1100 1409 1173 1429 eum
1197 1399 1296 1430 multo
1321 1402 1395 1430 ante
1426 1400 1583 1431 conscribi
1607 1403 1758 1442 coeptum
1783 1410 1869 1439 esse,
1895 1399 2032 1430 fortasse

385 1457 449 1481 tum
475 1461 545 1480 cum
571 1450 707 1481 ecclesia
730 1450 876 1480 Romana
900 1461 957 1491 pro
982 1449 1109 1481 Graeca
1132 1450 1280 1481 Latinam
1305 1451 1447 1493 linguam
1470 1451 1647 1493 adoptavit.
1686 1451 1831 1482 Iudicem
1855 1462 1928 1482 eum
1954 1451 2035 1482 infra

382 1514 426 1543 ιι).
452 1501 721 1541 XXXIII—XL)
746 1502 776 1532 in
801 1505 939 1532 tractatu
964 1502 1003 1533 de
1028 1502 1211 1533 auctoribus
1234 1502 1276 1533 ad
1300 1513 1415 1545 corpus
1431 1503 1662 1534 Damasianum
1686 1503 1951 1534 conscribendum
1976 1502 2035 1533 ad-

383 1554 488 1584 hibitis
513 1553 669 1584 edidimus
693 1554 910 1590 coniunctu111‚
942 1554 997 1585 ubi
1027 1554 1104 1584 item
1129 1554 1174 1596 (p.
1192 1554 1501 1596 xxm-XXXII)
1526 1555 1679 1586 librorum
1708 1555 1762 1596 qui
1786 1565 1859 1586 eum
1883 1564 2034 1586 servave-

382 1610 453 1636 runt
477 1616 641 1636 recensum
675 1605 800 1644 damus3
834 1605 1123 1648 adscripsimusque
1149 1609 1318 1648 praeterea
1349 1606 1390 1638 ad
1414 1607 1555 1648 singulas
1579 1607 1719 1649 corporis
1744 1606 1930 1638 Damasiani
1953 1607 2035 1637 vitas

382 1658 483 1700 spatia
507 1657 538 1688 in
563 1668 600 1687 eo
626 1656 751 1687 tradita.

484 1708 601 1739 Certae
626 1709 740 1739 aetatis
765 1710 938 1740 laterculus
963 1709 1121 1741 secundus
1146 1713 1194 1741 est
1216 1711 1354 1741 insertus
1378 1711 1655 1753 chronographiae
1672 1711 1815 1742 urbanae
1834 1711 2035 1752 conscriptae

382 1762 439 1792 sub
464 1761 671 1791 Constantino
697 1761 709 1791 l
734 1772 762 1791 a.
781 1763 851 1801 3:3⁷1,
878 1763 1080 1793 continuatae
1105 1762 1163 1793 sub
1189 1762 1375 1793 Constantio
1398 1762 1433 1793 II
1457 1762 1499 1793 ad
1522 1773 1550 1794 a.
1568 1764 1645 1803 354,
1679 1763 1792 1794 finiens
1821 1763 1852 1793 in
1882 1763 2035 1804 episcopo

383 1821 447 1843 tum
481 1812 614 1843 sedente
645 1812 792 1851 Liberio7
822 1824 840 1844 a
873 1825 935 1855 quo
964 1825 1082 1845 nomen
1113 1815 1210 1845 traxit
1237 1814 1333 1846 hodie
1365 1817 1553 1856 usurpatum
1583 1815 1757 1846 Liber-iani.
1804 1814 1941 1845 Praeter
1970 1815 2033 1845 alia

383 1865 593 1895 communiter
611 1865 698 1894 utilia
721 1865 921 1896 continentur
940 1876 978 1896 eo
1000 1867 1163 1908 complura
1187 1867 1366 1908 spectantia
1386 1866 1428 1897 ad
1446 1866 1560 1898 urbem
1576 1866 1729 1898 Romam:
1750 1866 1923 1897 laterculus
1940 1876 2035 1907 prae-

386 1918 538 1947 fectorum
563 1916 642 1949 urbi,
669 1917 736 1947 dies
761 1917 997 1959 depositionum
1022 1919 1246 1961 episcoporum
1271 1919 1339 1950 eius
1363 1930 1382 1950 a
1397 1919 1497 1950 Lucio
1521 1918 1563 1950 ad
1585 1919 1712 1957 Iulium,
1737 1919 1850 1950 feriale
1875 1918 2033 1950 ecclesiae

386 1968 568 2006 Romanae7
600 1968 771 1999 laterculus
805 1970 1027 2012 episcoporum
1057 1981 1128 2002 cum
1159 1971 1269 2013 spatiis
1300 1971 1364 2002 suis
1396 1971 1578 2012 gestisque,
1609 1971 1747 2012 denique
1772 1970 1922 2002 chronica
1951 1970 2036 2001 urbis

386 2020 508 2051 Romae
539 2020 764 2061 imperatoriae
803 2022 1003 2063 potissimum
1039 2023 1153 2053 aetatis
1186 2022 1313 2064 digesta
1345 2022 1385 2053 ad
1414 2023 1644 2064 imperatorum
1680 2026 1836 2064 tempora.
1891 2022 2034 2053 Chrono-

385 2072 517 2113 graphia
542 2075 609 2101 tota
633 2083 703 2102 cum
734 2073 819 2103 edita
851 2074 890 2104 sit
921 2074 951 2104 in
982 2075 1084 2116 primo
1115 2075 1275 2106 volumine
1306 2074 1527 2106 chronicorum
1558 2077 1737 2106 nostrorum
1761 2075 1933 2115 minorum,
1966 2074 2034 2115 epi-

385 2134 552 2165 scoporum
579 2134 742 2153 recensum
768 2125 801 2162 (l.
819 2136 844 2155 c.
870 2136 900 2165 p.
920 2126 1059 2165 73-76)
1090 2137 1151 2157 non
1176 2127 1350 2168 repetimus
1375 2126 1591 2166 coniunctum,
1622 2126 1680 2157 sed
1709 2129 1742 2157 et
1770 2127 1801 2157 in
1833 2128 1972 2157 tractatu
1995 2125 2035 2156 de

386 2176 495 2217 spatiis
524 2175 745 2217 episcoporum
775 2176 871 2217 [infra
903 2188 931 2218 p.
956 2177 1253 2220 XLIIIWXLVH)
1285 2179 1457 2209 Liberiana
1490 2189 1560 2209 cum
1590 2179 1719 2220 reliquis
1744 2178 1981 2220 composuimus
2005 2181 2037 2208 et

385 2229 487 2269 ipsum
507 2228 687 2268 catalogum
712 2228 910 2259 adnotationi
934 2233 1061 2260 nostrae
1086 2231 1245 2272 integrum
1270 2231 1460 2261 inseruimus
1484 2230 1524 2261 ad
1546 2231 1687 2272 singulos
1706 2231 1874 2272 episcopos
1891 2229 2033 2261 divisum.

491 2278 615 2320 Corpus
640 2280 791 2314 vitai-nnn
817 2280 901 2321 quod
927 2281 1064 2311 diximus
1088 2282 1190 2313 simile
1215 2293 1285 2314 esse
1310 2283 1513 2321 Damasiani,
1545 2283 1637 2314 nobis
1661 2283 1861 2324 appellatum
1887 2282 2033 2323 Symma-

387 2331 543 2361 chianum.
569 2341 628 2360 non
654 2331 811 2371 integrum
837 2332 877 2362 ad
901 2343 957 2363 nos
982 2334 1136 2374 pervenit.
1177 2334 1324 2365 Servavit
1347 2337 1473 2376 partem
1498 2334 1566 2365 eius
1588 2337 1768 2366 extremam
1792 2333 1896 2365 codex
1919 2333 2034 2365 biblio-

387 2382 500 2412 thecae
518 2382 699 2423 capitularis
713 2382 908 2413 veronensis
932 2394 960 2414 n.
978 2383 1077 2414 xxll
1094 2386 1163 2425 (2⁰)
1187 2396 1270 2416 saec.
1285 2385 1333 2416 VI
1356 2386 1462 2427 potius
1480 2395 1575 2427 quam
1593 2385 1665 2417 VII.
1705 2385 1886 2416 Deficiente
1905 2387 2034 2426 quater-

388 2434 480 2463 nione
515 2434 615 2474 primo
648 2439 680 2464 et
709 2435 810 2475 primo
843 2436 917 2465 solio
951 2436 1036 2473 (cum
1068 2438 1194 2475 octavo)
1228 2438 1446 2478 quaternionis
1479 2437 1610 2468 secundi
1643 2437 1787 2469 eiusdem
1820 2437 2036 2479 quaternionis

390 2485 461 2514 folia
482 2486 654 2516 secundum
680 2487 806 2517 tertium
833 2492 988 2528 quartum,
1014 2489 1101 2518 cuius
1125 2489 1242 2529 pagina
1265 2490 1367 2520 altera
1390 2492 1458 2520 tota
1482 2489 1549 2520 fere
1575 2493 1682 2527 vacat,
1711 2489 1875 2520 continent
1898 2489 2034 2519 vitarum

389 2537 610 2577 episcoporum
630 2538 844 2569 Romanorum
870 2544 994 2580 partem
1013 2544 1209 2577 cxtrcmam;
1234 2541 1263 2571 in
1289 2541 1364 2571 folio
1383 2541 1468 2582 quod
1486 2541 1638 2583 sequitur,
1663 2540 1781 2572 codicis
1798 2540 1893 2571 hodie
1911 2543 2035 2581 quarto,

496 2640 515 2670 ¹)
545 2641 580 2663 lle
605 2641 746 2671 originibus
771 2642 892 2665 ecelesiae
912 2643 1041 2667 Romanae
1067 2647 1090 2667 et
1114 2644 1258 2675 nuperrime
1283 2648 1308 2668 ct
1331 2644 1405 2676 plane
1432 2645 1534 2676 egregie
1562 2645 1680 2676 exposuit
1703 2645 1811 2669 Adolfus
1836 2643 1959 2668 lIaruack
1984 2643 2036 2674 (die

389 2683 493 2705 rillcntzn
513 2683 670 2707 chri-stlirhen
689 2683 847 2714 ltatirnusscn
867 2685 920 2708 uwl
939 2685 978 2708 ulie
993 2686 1113 2717 ,ΙΝ-[ἥκῃς
1132 2686 1201 2710 einer
1220 2687 1402 2718 hiscltiq'sliclwn
1418 2687 1627 2719 Glzrouoyraphie
1646 2687 1672 2711 in
1685 2687 1750 2711 Rom
1769 2687 1794 2711 in
1812 2687 1876 2711 actis
1895 2686 2036 2710 minoribus

389 2725 531 2748 :ica-lvmine
553 2726 722 2749 hermino-usis
740 2736 762 2750 a.
781 2726 843 2751 18³2
864 2727 1048 2759 1›.⁴517—⁴5:'›>5;
1073 2730 1242 2754 conterendus
1266 2730 1323 2754 item
1349 2731 1545 2755 eonniwntzu·ius
1564 2730 1700 2755 cardinalis
1724 2730 1854 2755 Francisci
1873 2730 1973 2761 Segnae
1998 2730 2036 2754 ‘de

390 2769 549 2791 >neves-ium·
570 2770 739 2793 Romanorum
766 2771 921 2801 pontificum*
941 2772 1023 2795 (alitus
1042 2773 1136 2796 non-:20
1154 2782 1177 2796 a.
1195 2772 1276 2803 low).
1313 2774 1362 2797 Mei
1382 2774 1482 2798 labores
1501 2774 1568 2805 qnod
1587 2783 1637 2798 non
1660 2777 1712 2798 tam
1737 2773 1876 2805 imperfecti
1900 2777 2037 2798 evaserunt

389 2820 464 2842 qnam
488 2812 671 2843 expect-:mlum
693 2813 739 2836 tuit
760 2813 783 2836 in
805 2814 867 2837 libr«-
887 2814 1058 2839 ecclesiastico
1078 2816 1109 2839 ab
1130 2816 1229 2840 humine
1249 2817 1351 2841 mimine
1370 2817 1541 2842 ecclesiastico
1561 2817 1691 2846 recensito,
1717 2825 1746 2841 eo
1765 2817 1882 2841 effectum
1901 2820 1947 2847 est,
1969 2815 2035 2847 quod

390 2856 496 2877 muntem
518 2855 693 2879 llarnackium
714 2855 738 2878 in
759 2857 856 2887 nmgnis
877 2857 1031 2888 minutisque
1051 2863 1171 2889 perpetuu
1191 2859 1322 2883 consulere
1342 2859 1421 2891 potui.
