2245 3213
423 212 534 238 xcvlss
1114 207 1395 235 PROLEGOMENA.

427 299 512 329 venit
548 309 565 329 a
600 309 696 328 manu
733 297 833 339 prima
865 296 905 327 ad
939 296 1088 337 Gregorii
1111 295 1176 325 VII
1212 305 1329 325 annum
1365 305 1483 326 nonum
1515 311 1553 320 z
1590 297 1679 327 1082.
1731 294 1903 336 Specimen
1930 294 2015 324 misit
2037 293 2078 324 ad

424 351 513 381 locos
538 350 691 382 selectos,
722 348 807 389 qnod
836 351 1001 389 receptum
1032 350 1081 377 est
1111 347 1141 377 in
1166 349 1373 388 apparatum,
1399 349 1430 376 et
1455 349 1624 387 praeterea
1653 347 1730 377 mihi
1756 346 1889 378 contulit
1913 345 1995 376 vitas
2019 345 2076 375 I·—

425 401 541 432 XVIII
568 401 703 431 Carolus
728 400 815 431 Frati
846 399 1109 430 bibliothecarius
1132 398 1292 437 Estensis,
1318 408 1359 428 ex
1384 397 1498 439 quibus
1521 398 1592 428 vitis
1623 399 1749 440 potiora
1773 409 1792 429 a
1813 398 1923 429 Fratio
1948 399 2079 428 enotata

425 453 587 484 subiunxi:

627 502 734 541 praef.
758 501 959 541 Hieronymi:
997 504 1022 540 1,
1039 513 1050 532 2
1075 500 1161 543 tuae]
1193 504 1321 532 uestrae
1351 504 1379 532 ct
1408 501 1454 532 sie
1483 501 1627 540 deinceps
1652 512 1714 540 pro
1741 501 1900 541 slnyulari
1927 503 2080 540 pemmtuo

627 554 763 593 ponitur
780 553 921 593 pluralis
945 554 1132 584 reverentiae
1156 572 1193 575 —
1221 552 1425 594 deprecatur]
1445 564 1542 584 curuo
1561 564 1646 595 genu
1664 553 1857 595 depreeatur
1882 572 1919 576 —
1944 563 2078 584 saecun-

635 605 722 646 dum]
749 606 924 637 secundum
948 606 1088 637 studium
1119 624 1159 628 —-
1189 619 1200 636 :s
1225 606 1285 636 hoc
1309 616 1335 636 0.
1361 617 1406 647 pr.
1431 609 1465 636 ut
1489 617 1546 637 om.
1577 625 1616 628 —
1645 619 1658 637 4
1682 617 1701 637 a
1723 606 1812 638 beati
1836 605 1919 647 petri
1942 605 2079 646 apostoli

634 657 858 700 principatum]
885 669 903 689 a
927 658 1024 689 beato
1049 661 1140 699 petro
1165 658 1312 699 apostolo
1338 676 1377 680 —-
1408 658 1512 696 praef.
1536 657 1690 689 Damasi:
1720 660 1757 689 13
1789 657 1875 700 quod
1904 655 2078 699 potuimus]

633 713 667 740 ut
698 710 858 751 potuimus
890 728 931 732 —
960 709 1112 752 studium]
1144 710 1248 740 studio
1285 728 1324 732 ψ
1359 709 1480 740 Linus:
1515 712 1571 749 5,1
1607 720 1635 741 a.
1657 711 1691 741 xi
1720 721 1761 741 m.
1783 710 1816 740 iii
1845 709 1874 741 d.
1898 708 1955 751 xii]
1986 719 2014 739 a.
2037 709 2081 739 xii

635 772 676 793 m.
694 762 727 792 xi
752 780 790 784 ——
810 764 883 802 post
905 774 917 793 e
940 762 1046 803 presb.
1064 762 1142 792 xuiii
1158 762 1217 792 ins.
1236 761 1314 792 diae.
1339 762 1422 800 (sine
1441 763 1585 798 mamere)
1609 781 1651 784 -
1678 761 1834 793 Clemens:
1858 763 1886 797 7,
1902 772 1928 792 2:
1952 758 2080 803 tragali]

633 814 758 855 eragari
786 814 865 852 (fere
890 816 924 844 ut
941 813 1006 854 EG)
1033 833 1070 836 —
1094 825 1106 844 4
1130 813 1330 844 adscriberet
1353 824 1393 844 m.
1424 824 1449 844 0.
1475 813 1504 844 h.
1530 813 1550 844 f.
1568 813 1611 844 uii
1634 814 1784 855 regiones
1807 823 1864 844 om.
1889 830 1931 835 -—
1955 824 1967 843 ⁶
1991 823 2080 842 suam

634 877 693 897 one.
719 884 758 888 —-
782 878 793 896 s
817 866 995 896 aecclesiae
1019 866 1237 907 pontificatum
1254 864 1464 907 guvernandi]
1484 866 1654 896 ecclesiam
1671 868 1704 896 et
1719 865 1938 907 pontificatum
1963 864 2081 906 guber-

636 917 776 948 nandum
801 937 839 940 ——
865 930 888 949 ιτ
913 917 981 948 dies
1010 916 1079 959 xxi]
1106 917 1135 948 (1.
1153 928 1221 948 xxx
1254 936 1293 939 —
1323 917 1530 948 Anencletus:
1554 919 1582 955 8,
1599 930 1609 948 ⁵
1633 917 1811 949 construxit
1839 919 1872 947 et
1901 915 2080 958 conposuit]

636 980 727 1011 eonp.
752 972 785 1000 01
809 972 925 1000 constr.
951 989 991 992 -—
1015 982 1027 1000 ε
1051 980 1108 1000 seu
1132 969 1195 1000 alia
1218 970 1290 1000 loca
1306 979 1364 1000 om.
1390 989 1429 991 —
1453 968 1717 1011 reconderentur]
1736 969 2019 1000 reconciliarentur
2041 986 2082 989 —

635 1022 689 1052 ubi
713 1020 833 1063 tamen]
859 1021 903 1052 ibi
927 1024 1035 1052 autem
1059 1040 1098 1044 —
1119 1021 1313 1052 Euarisms:
1337 1022 1365 1060 9,
1383 1034 1393 1052 ⁵
1417 1031 1536 1052 neruae
1554 1020 1681 1063 traiani]
1707 1031 1827 1052 nei-uae
1853 1023 1885 1052 et
1911 1019 2026 1051 traiani
2042 1037 2082 1042 —

635 1087 646 1103 s
671 1071 841 1115 ordinauit]
876 1073 1039 1104 constituit
1071 1091 1110 1095 —
1143 1072 1341 1104 Alexander:
1375 1074 1421 1109 10,
1442 1086 1451 1104 1
1477 1076 1572 1114 caput
1601 1073 1684 1104 tauri
1712 1083 1768 1104 om.
1792 1073 1828 1104 in
1850 1083 1896 1111 sp.
1920 1081 2019 1102 vacuo
2042 1090 2082 1094 —

637 1125 759 1165 Xystus
775 1125 809 1156 J.-
838 1128 847 1156 1
863 1128 885 1164 1,
903 1138 913 1155 5
937 1125 988 1156 hic
1006 1126 1169 1156 constituit
1189 1151 1194 1156 .
1213 1149 1220 1156 .
1239 1150 1245 1155 .
1260 1125 1411 1156 ministris
1428 1135 1486 1156 om.
1504 1143 1544 1147 -
1559 1137 1570 1156 s
1588 1126 1769 1166 parrociam
1793 1123 1895 1167 suam]
1921 1123 2083 1166 propriam

637 1177 837 1218 parrochiam
866 1195 899 1199 —
930 1176 1107 1216 Telesphor:
1142 1178 1189 1215 12,
1208 1189 1219 1207 5
1243 1180 1275 1207 et
1298 1175 1452 1219 natalem]
1479 1179 1512 1207 et
1535 1179 1659 1208 tantum
1682 1177 1791 1208 natale
1815 1179 1901 1215 (cum
1918 1175 2019 1211 Mat.)
2044 1194 2083 1197 —

637 1242 647 1259 7
672 1229 757 1259 omni
781 1228 940 1271 tempore]
968 1239 996 1261 0.
1021 1229 1083 1260 alio
1108 1232 1254 1270 tempore
1271 1247 1312 1250 —
1328 1228 1426 1259 Pius:
1454 1231 1498 1268 14,
1516 1241 1527 1259 5
1543 1229 1602 1260 sub
1626 1229 1718 1260 huius
1743 1225 1975 1270 episcopatum]
2002 1238 2028 1258 s.
2052 1226 2082 1257 h.

639 1281 838 1323 temporibus
867 1281 1055 1322 episcopatu
1084 1300 1123 1303 —
1156 1293 1167 1311 s
1190 1279 1292 1322 uenit]
1315 1281 1457 1311 uenisset
1488 1299 1526 1303 —
1556 1293 1579 1312 ιι
1604 1291 1646 1312 ex
1669 1281 1733 1312 iud.
1758 1279 1905 1321 heresae]
1937 1290 1956 1310 a
1988 1278 2084 1309 iudeo

638 1336 711 1364 ante
735 1333 912 1364 hereticum
940 1336 1026 1373 (cum
1048 1332 1151 1369 Mat.)
1175 1351 1216 1356 -—
1240 1333 1409 1363 Anicetus:
1443 1335 1515 1371 15‚1
1540 1332 1677 1375 humisa]
1709 1333 1810 1364 amisa
1840 1336 1924 1371 (cum
1942 1330 2021 1371 FK)
2045 1348 2085 1352 —-

640 1384 744 1415 Soter:
776 1386 819 1423 16,
835 1397 847 1415 4
870 1385 974 1415 nullus
997 1383 1183 1426 monachus]
1209 1385 1296 1415 nulla
1319 1384 1477 1415 monacha
1494 1403 1535 1406 —
1551 1385 1681 1426 pallam]
1700 1385 1806 1426 pallea
1823 1385 1909 1424 (cum
1925 1383 2026 1422 Mat.)
2046 1401 2084 1405 -—

642 1450 664 1467 10
687 1435 774 1478 mai]
799 1447 877 1467 mar.
902 1455 943 1459 —-
966 1436 1140 1467 Eleuther:
1168 1439 1214 1476 17,
1232 1449 1243 1467 2
1268 1435 1414 1478 paterno]
1434 1436 1636 1478 paterianum
1657 1455 1698 1458 —
1719 1436 1844 1467 Victor:
1871 1437 1917 1475 18,
1933 1448 1944 1466 3
1967 1434 2086 1466 cesaris

641 1488 768 1529 augusti
785 1499 842 1519 om.
868 1507 907 1510 -
932 1487 1099 1530 grauione]
1125 1488 1314 1529 grauinione
1340 1506 1379 1510 -—
1404 1500 1415 1518 s
1440 1488 1624 1529 coronatur]
1650 1488 1795 1519 coronari
1818 1506 1859 1509 —
1887 1489 1934 1526 19,
1953 1500 1962 1518 1
1985 1486 2084 1516 inter-

640 1540 807 1581 rogatione
833 1539 1048 1582 sacerdotum]
1074 1540 1115 1570 ad
1139 1540 1402 1582 interrogandum
1426 1540 1642 1571 sacerdotium
1666 1559 1707 1562 —
1731 1552 1743 1570 4
1767 1540 1918 1581 episcopo
1952 1538 2084 1569 alexan-

641 1591 741 1633 driae]
762 1591 972 1623 alexandrino
997 1611 1038 1614 —-
1061 1592 1276 1632 Zaphgyrinus:
1305 1594 1354 1627 20,
1373 1604 1385 1623 9
1414 1596 1488 1623 ante
1518 1602 1552 1623 se
1583 1591 1768 1623 sacerdotes
1798 1603 1826 1622 a.
1857 1602 1880 1622 s.
1910 1601 1951 1622 m.
1976 1589 2084 1621 eeleb-

640 1647 788 1675 rarentur
820 1654 877 1675 om.
908 1663 949 1666 —
974 1657 997 1675 16
1021 1643 1254 1686 episcopatum]
1286 1644 1491 1686 episcopatus
1520 1645 1588 1675 eius
1616 1663 1657 1666 —
1689 1643 1856 1676 Callistus:
1894 1645 1977 1682 21,1
2006 1642 2085 1673 urbe

639 1695 895 1738 rauennantium]
926 1707 957 1729 u.
985 1706 1147 1727 rauennae
1182 1716 1217 1719 —
1252 1710 1263 1727 3
1291 1695 1547 1738 theodoliobolli]
1581 1697 1724 1728 elioballi
1749 1715 1788 1719 —
1821 1708 1833 1727 9
1856 1692 2083 1736 transtiberim]

637 1752 724 1780 trans
759 1749 941 1790 tyberinam
973 1767 1015 1770 —
1055 1748 1218 1781 Urbanus:
1253 1750 1331 1789 22,5
1355 1749 1406 1780 1110
1441 1759 1519 1780 11010
1550 1749 1714 1780 confessor
1748 1748 1855 1779 extitit
1888 1745 2087 1788 temporibus

641 1800 826 1832 diocletiani

436 1853 581 1884 Similem
616 1862 687 1883 esse
723 1853 884 1895 excerptis
918 1852 1152 1884 Mutinensibus
1188 1856 1221 1884 et
1254 1853 1343 1884 libris
1369 1852 1399 1884 G
1428 1855 1456 1884 et
1483 1853 1534 1883 E6
1563 1863 1646 1894 quae
1674 1852 1748 1883 inde
1779 1851 1944 1882 attulimus
1979 1849 2087 1881 decla-

435 1911 520 1937 rant.
552 1907 584 1935 et
607 1905 738 1946 propius
763 1905 892 1946 quidem
917 1908 982 1935 tam
998 1905 1030 1936 in
1046 1905 1138 1936 bonis
1156 1915 1251 1946 quam
1275 1905 1307 1936 in
1323 1905 1445 1936 vitiosis
1469 1904 1594 1936 accedit
1617 1904 1659 1935 ad
1679 1904 1710 1935 G
1726 1914 1821 1946 quarn
1838 1902 1880 1934 ad
1896 1902 1948 1933 Ε6
1967 1903 2051 1942 (102,
2065 1914 2087 1932 s.

440 1960 505 1991 105,
526 1971 557 1988 ιι.
586 1958 655 1988 187.
672 1969 694 1987 s.
732 1958 799 1996 188,
816 1956 856 1998 5),
883 1957 1054 1998 aliquoties
1077 1957 1155 1987 item
1186 1956 1228 1987 ad
1257 1960 1421 1998 excerpta.
1470 1956 1553 1987 GE⁶
1575 1956 1631 1987 ubi
1655 1956 1697 1987 ad
1720 1957 1854 1987 classem
1878 1954 1894 1986 I
1917 1954 2088 1992 declinant,

434 2009 466 2040 id
490 2010 594 2050 ipsum
619 2009 788 2050 aliquoties
813 2009 1055 2049 eerte(171,11.
1083 2010 1152 2044 186,
1171 2008 1207 2050 ιο)
1232 2009 1309 2039 facit
1331 2008 1530 2039 Mutinensis.
1578 2008 1693 2039 Paucis
1717 2008 1794 2038 locis
1819 2008 1866 2047 (ut
1890 2008 1940 2045 22,
1954 2019 1974 2037 5.
2000 2007 2050 2044 31,
2067 2017 2087 2035 s.

438 2063 507 2099 102,
525 2060 563 2101 ιε)
587 2061 618 2091 in
641 2070 699 2090 sua
723 2060 824 2090 classe
849 2061 936 2091 solus
952 2060 1125 2091 lectionem
1141 2060 1281 2091 servavit
1298 2070 1407 2090 veram
1425 2070 1563 2091 veraeve
1587 2059 1786 2101 propiorem:
1811 2058 1866 2090 sed
1891 2058 1988 2089 tantis
2004 2057 2089 2088 vitiis

437 2113 518 2144 liber
542 2112 664 2143 obsitus
688 2115 737 2142 est
760 2111 812 2153 (cf.
831 2112 914 2143 inter
938 2112 1001 2142 alia
1028 2114 1077 2149 22,
1095 2125 1106 2142 5
1123 2122 1234 2153 supra;
1265 2113 1379 2150 104,19.
1410 2113 1476 2151 150,
1493 2111 1520 2152 2)
1544 2114 1698 2152 tantaque
1722 2102 1851 2142 licentia
1874 2109 1992 2141 tradita
2015 2108 2088 2140 red-

438 2165 493 2204 dit,
517 2168 551 2196 ut
574 2165 694 2195 utilitas
719 2164 786 2195 eius
809 2165 897 2195 nulla
920 2165 960 2195 sit
985 2167 1017 2195 et
1040 2165 1077 2195 iis
1102 2174 1181 2206 quos
1204 2174 1262 2194 nos
1285 2163 1489 2195 adhibuimus
1514 2163 1702 2194 Mutinensis
1725 2161 1977 2204 posthabenduS.

541 2216 717 2247 Vaticanus
735 2217 817 2246 3764
841 2226 923 2247 saec⁴
939 2216 987 2246 XI
1005 2216 1152 2247 exeuntis
1177 2215 1293 2248 (Duell.
1318 2216 1380 2246 vol.
1402 2219 1410 2246 1
1441 2226 1471 2256 p.
1495 2214 1624 2246 CXCV.
1648 2214 1746 2246 CCII.
1773 2213 1879 2245 CCIII
1905 2216 1937 2243 et
1960 2212 2023 2243 tab.
2043 2211 2089 2242 VI

439 2269 501 2300 vol.
520 2269 538 2298 2
563 2279 593 2309 p.
611 2267 656 2308 ΙΙ)
682 2271 814 2309 propter
840 2267 1041 2298 litteraturae
1067 2267 1297 2308 proprietatem
1322 2277 1340 2297 a
1364 2265 1497 2307 Giorgio
1526 2265 1680 2307 (archivio
1703 2265 1784 2297 della
1806 2265 1921 2296 societ&
1945 2264 2090 2295 Romana

440 2320 474 2350 ‹li
496 2320 596 2350 storia
612 2319 727 2358 patria
750 2319 812 2349 vol.
831 2320 870 2349 20
895 2329 922 2349 a.
944 2320 1024 2349 1897
1050 2330 1079 2360 p.
1098 2318 1184 2358 271),
1218 2321 1305 2349 reete
1335 2318 1464 2359 opinor,
1489 2318 1624 2359 scriptus
1649 2328 1719 2348 esse
1744 2316 1883 2348 ereditur
1904 2316 1936 2347 in
1960 2315 2091 2346 abbatia

442 2371 598 2402 Farfensi.
646 2371 789 2401 Innotuit
821 2381 862 2401 ex
891 2370 1085 2401 monasterio
1111 2370 1249 2401 Cavensi
1280 2373 1410 2400 sanctae
1444 2369 1610 2405 trinitatis,
1642 2369 1691 2400 cui
1722 2368 1866 2400 redditus
1891 2370 1939 2399 est
1962 2377 1989 2398 a.
2013 2368 2090 2397 1516

441 2427 522 2454 teste
549 2422 757 2453 adnotatione
782 2422 813 2453 in
838 2432 876 2453 eo
902 2422 1079 2463 perscripta
1104 2422 1124 2452 f.
1143 2418 1172 2452 7'
1196 2421 1269 2452 hac:
1296 2422 1365 2452 ‘iste
1390 2421 1522 2462 insignis
1546 2421 1628 2452 liber
1645 2431 1704 2462 per
1720 2421 1837 2452 multos
1854 2429 1954 2451 annos
1972 2418 2087 2460 deper-

442 2475 536 2505 ·ditus
561 2478 653 2505 extra
685 2474 914 2505 monasterium
939 2474 1013 2510 suit;
1044 2473 1176 2504 tandem
1205 2483 1270 2504 rev.
1296 2472 1425 2503 domino
1449 2472 1583 2503 Nicolao
1608 2473 1749 2504 Antonio
1774 2471 1915 2503 Murensi
1939 2471 2089 2511 episcopo

443 2530 644 2567 ‘procurante
668 2537 758 2557 sacro
784 2525 921 2556 Cavensi
945 2525 1099 2557 coenobio
1125 2525 1290 2556 restitutus
1315 2525 1373 2555 fuit
1397 2528 1555 2565 ternpore,
1579 2535 1642 2566 quo
1667 2527 1760 2566 pater
1783 2523 1928 2554 dominus
1949 2522 2089 2563 Chryso-

444 2583 575 2609 *stomus
601 2577 640 2608 dc
665 2577 803 2619 Neapoli
829 2577 973 2608 eiusdem
997 2577 1079 2608 sacri
1102 2577 1286 2607 monasterii
1311 2576 1412 2607 abbas
1437 2576 1617 2615 existebat,
1648 2575 1811 2617 regiminis
1836 2585 1911 2606 vero
1936 2574 1983 2604 sui
2007 2583 2090 2604 anno

444 2630 578 2670 quinto.
604 2629 754 2660 videlieet
786 2639 868 2659 anno
893 2629 1003 2659 salutis
1034 2630 1111 2660 1516
1137 2628 1188 2659 (110
1220 2630 1254 2660 18
1278 2627 1492 2659 Novembris'.
1538 2627 1590 2658 Ex
1620 2637 1658 2658 eo
1683 2627 1878 2658 monasterio
1903 2625 2090 2656 translatum

442 2692 512 2711 csse
546 2681 683 2711 Romam
714 2691 741 2711 a.
765 2683 842 2711 1593
876 2684 1013 2711 testatur
1040 2680 1229 2711 Franciscus
1259 2680 1299 2711 de
1332 2679 1435 2710 Penia
1465 2679 1593 2710 auditor
1620 2678 1724 2709 Rotae
1757 2679 1789 2709 in
1819 2677 2024 2708 adnotatione
2050 2676 2090 2707 ad

443 2732 629 2773 apographa
665 2731 728 2763 duo
764 2732 928 2773 (Ambros.
947 2732 975 2763 G
1005 2734 1061 2763 100
1086 2733 1139 2764 inf.
1171 2736 1203 2763 et
1226 2731 1330 2763 Vatic.
1366 2731 1478 2763 Ottob.
1496 2731 1573 2771 993)
1606 2730 1681 2761 hae:
1717 2730 1832 2770 ‘Supra
1861 2727 2027 2759 Salernum
2060 2729 2090 2759 in

445 2793 554 2824 ·regno
580 2783 795 2824 Neapolitano
822 2785 881 2815 sita
907 2788 954 2814 051
978 2784 1089 2815 civitas
1107 2784 1261 2815 Cavcnsis
1285 2787 1317 2814 et
1340 2783 1371 2814 in
1396 2793 1435 2814 ea
1458 2783 1581 2824 insigne
1605 2781 1834 2812 monasterium
1858 2779 1975 2811 ordinis
1992 2780 2091 2811 saneti

445 2834 624 2866 *Benedicti
653 2836 912 2876 congregationis
930 2835 1112 2866 Casinensis
1136 2835 1195 2866 sub
1220 2835 1421 2866 invocatione
1439 2837 1568 2865 sanctae
1584 2833 1741 2864 trinitatis.
1782 2832 1818 2863 In
1842 2842 1880 2862 eo
1897 2832 2090 2863 monasterio
