2245 3213
443 204 516 231 CXII
1132 203 1414 232 PROLEGOMENA.

704 291 794 332 pleno
826 291 980 330 (XXXI.
1013 291 1154 322 XXXV.
1192 290 1355 322 XXXVI.
1388 290 1536 322 XLVII.
1568 291 1735 324 XLVIII.
1776 292 1911 334 XLIX)
1935 293 2097 332 probabile

704 346 748 374 est
771 354 837 374 eam
862 354 924 373 non
952 343 991 373 ab
1020 343 1220 381 epitomatore
1247 343 1394 374 omissam
1423 353 1501 380 esse,
1524 343 1578 374 sed
1599 344 1721 383 afuisse
1743 355 1764 375 a
1786 345 1961 376 recensione
1977 345 2095 384 priore.

704 396 781 434 Ipsa
804 395 962 434 posterior
992 394 1166 425 luculenter
1195 394 1329 425 ostendit
1352 393 1530 425 clausulam
1560 395 1596 426 de
1626 405 1691 435 qua
1720 396 1828 436 ayitur
1858 396 2096 435 interpolatione

704 447 859 477 adiectam
882 457 945 477 esse
963 457 1023 485 per
1043 447 1165 487 yradus
1187 449 1353 484 crescente,
1378 449 1414 477 ut
1437 447 1664 486 expectandum
1687 447 1751 486 fuit
1768 451 1898 487 propter
1921 448 2097 480 clausulam

702 498 834 529 alteram
857 508 924 529 vere
947 498 1113 537 antiquam
1136 509 1195 540 per
1219 498 1345 529 diversa
1368 498 1440 529 loca
1461 499 1669 538 requirentem
1693 500 1776 539 qnod
1798 500 1858 531 sibi
1881 503 2097 540 opponeretur.

702 550 787 581 Nam
811 549 883 581 libri
905 550 1093 581 recensionis
1110 549 1225 589 plenae
1249 560 1353 581 omncs
1375 549 1552 581 clausulam
1574 550 1662 581 illam
1684 561 1748 582 non
1771 551 1883 583 liabent
1905 552 1970 583 nisi
1999 552 2098 583 decies

704 602 764 642 (ep.
790 602 926 634 XXXI.
962 601 1131 633 XXXVI.
1169 601 1315 633 XLVII.
1351 601 1518 633 XLVIII.
1554 602 1682 634 XLIX.
1718 602 1817 634 LIII.
1847 603 1967 635 LIIII.
2003 603 2096 635 LVI.

707 654 732 684 L
741 653 837 685 VIII.
872 654 983 694 LIX),
1020 654 1132 684 liabent
1166 653 1280 684 classes
1305 654 1415 692 prima
1442 656 1470 685 et
1500 654 1639 685 secunda
1667 657 1713 685 ter
1737 656 1797 694 (ep.
1814 654 1956 686 XXXV.
1983 655 2097 686 XLII.

708 705 846 746 XLIII)
868 709 978 737 contra
1001 706 1127 737 tertiam
1135 717 1145 743 ‚·
1177 706 1286 737 classis
1319 706 1460 737 secunda
1476 705 1664 745 plerumque
1687 717 1758 738 eum
1782 707 1876 738 tertia
1899 709 2008 738 contra
2026 708 2096 748 pri-

705 769 787 789 mam
806 758 951 789 undecies
968 759 1027 798 (ep.
1048 758 1371 789 XXXVII—XLI.
1398 757 1628 789 XLIV—XL
1637 758 1691 789 VI.
1717 758 1885 795 L—LII).
1932 758 2005 790 Non
2019 761 2099 790 recte

705 811 819 841 statuit
842 810 1052 841 Harnaclcius
1075 810 1252 841 clausulam
1271 810 1413 849 primum
1433 810 1566 849 reperiri
1588 810 1624 841 in
1639 810 1753 841 Marco
1769 812 1829 850 (ep.
1847 809 2005 850 XXXV),
2029 820 2099 841 cum

705 862 790 892 adsit
809 862 871 892 iam
888 864 982 893 (muca
998 862 1173 901 aliquoties,
1190 872 1288 901 neque
1312 861 1375 892 ullo
1398 861 1486 892 modo
1509 872 1546 892 ex
1568 862 1709 892 numeris
1732 862 1968 893 ordinationum
1984 861 2098 901 efficie-

702 916 756 944 tur
787 924 806 943 a
833 913 946 944 IJIareo
984 914 1054 944 inde
1088 914 1210 944 tradita
1241 924 1261 944 a
1288 913 1548 952 praecedent-ibus
1579 924 1645 944 vere
1673 914 1811 952 differre.
1859 913 1992 945 Omnino
2014 913 2099 952 afuit

704 965 850 996 clausula
882 966 913 996 in
943 966 1023 997 urbe
1052 966 1157 996 Roma
1180 976 1201 995 a
1223 965 1376 996 schemate
1399 966 1539 1004 antiquo.
1585 965 1654 996 Hoc
1676 965 1810 1004 fortasse
1839 965 1966 1005 defendi
1981 965 2100 1004 poterit

698 1019 772 1056 post
801 1017 979 1056 Ayapetum
1008 1018 1068 1057 (ip.
1094 1017 1191 1055 LIX)
1226 1017 1318 1047 verba
1352 1017 1383 1047 in
1418 1016 1497 1047 urbe
1533 1016 1638 1047 Roma
1668 1016 1806 1056 amplius
1832 1027 1896 1048 non
1923 1027 2100 1057 comparere

698 1071 867 1108 propterea
901 1069 985 1108 quod
1018 1069 1234 1100 ordinationes
1263 1069 1453 1108 posteriores
1487 1068 1618 1099 aliunde
1643 1068 1804 1108 profectae
1832 1071 1920 1107 sunt,
1955 1069 1990 1100 id
2017 1069 2101 1108 quod

700 1123 834 1159 propter
856 1120 940 1151 alias
964 1131 1079 1151 causas
1100 1121 1215 1151 statuit
1239 1120 1456 1151 Harnackius.

602 1172 743 1203 Illensem
771 1172 814 1203 ad
842 1172 1057 1203 ordinationes
1088 1172 1300 1211 adscriptum,
1324 1171 1512 1211 plerumque
1539 1171 1751 1209 Decembrem,
1781 1172 1826 1203 ad
1854 1172 1938 1203 solas
1959 1172 2101 1203 urbanas

701 1224 953 1265 presbyterorum
976 1227 1004 1255 ct
1028 1224 1231 1255 diciconorum
1249 1224 1409 1263 perti-nere
1432 1224 1599 1255 ostendunt
1626 1223 1684 1254 loci
1706 1224 1841 1255 maoeime
1855 1234 1890 1263 p.
1909 1226 1937 1262 (ἶ,
1954 1235 1975 1256 o.
2000 1226 2099 1262 421³.

706 1278 756 1313 ΗΟ,
777 1286 797 1304 14
822 1276 1008 1316 (seeundum
1033 1276 1191 1307 lectionem
1214 1276 1299 1307 codd.
1325 1276 1513 1315 optimorum
1536 1275 1572 1307 el.
1590 1276 1614 1306 I
1632 1278 1660 1306 et
1678 1274 1726 1313 II,
1750 1286 1846 1315 quam
1863 1286 1966 1307 errore
1981 1277 2099 1317 reieci).

707 1328 791 1359 Eam
815 1328 906 1367 leyem
932 1328 965 1358 in
987 1328 1052 1358 vita
1076 1328 1165 1359 Petri
1188 1328 1237 1368 (I)
1270 1328 1399 1367 epitome
1422 1330 1572 1367 utraque,
1596 1327 1764 1358 Feliciana
1792 1328 1886 1359 etiam
1909 1328 1945 1359 in
1966 1339 2012 1369 ep.
2037 1328 2100 1360 IV.

712 1380 747 1412 V.
779 1379 854 1412 VII.
878 1380 932 1411 IX
953 1379 1114 1419 neylcyunt
1143 1390 1275 1411 mensem
1305 1379 1487 1411 collocantes
1510 1379 1570 1418 ita,
1601 1381 1637 1410 ut
1669 1379 1906 1419 comprehendat
1929 1380 2100 1419 episcopos;

708 1432 742 1463 in
770 1432 919 1462 Anterote
942 1431 1038 1472 (XX)
1069 1442 1260 1471 quamquam
1294 1432 1332 1462 ab
1364 1442 1397 1462 eo
1428 1431 1543 1462 absunt
1566 1431 1742 1472 presbyteri
1773 1434 1801 1462 ct
1823 1431 1963 1470 diaconi,
1987 1432 2100 1463 nibilo-

709 1483 814 1514 minus
838 1483 973 1514 reeensio
997 1485 1131 1522 utraque
1153 1483 1201 1513 ait
1224 1483 1375 1513 creavisse
1398 1494 1467 1513 cum
1496 1483 1674 1522 episcopum
1696 1493 1798 1513 mense
1820 1482 1992 1514 Decembri.
2039 1483 2100 1514 Re-

707 1536 809 1567 eensio
826 1535 984 1574 posterior
1012 1535 1045 1565 in
1062 1534 1210 1566 Silvestro
1234 1545 1297 1566 uno
1321 1534 1382 1566 loco
1406 1535 1456 1572 52,
1472 1543 1482 1562 7
1507 1537 1633 1574 (contra
1656 1534 1692 1566 cl.
1710 1535 1775 1566 III
1794 1537 1823 1566 et
1844 1534 1979 1566 alterum
2001 1535 2101 1566 locum

711 1590 760 1625 72,
777 1596 786 1613 1
811 1590 839 1618 et
862 1587 1069 1618 recensionem
1086 1587 1242 1627 priorem)
1258 1586 1368 1618 solitae
1387 1587 1576 1618 indicationi
1592 1597 1650 1628 per
1666 1598 1708 1618 m.
1726 1586 1806 1618 Dee.
1823 1587 1916 1618 verba
1939 1587 2101 1618 contraria

709 1639 841 1670 diversis
866 1639 1064 1681 temporibus
1087 1650 1158 1670 cum
1180 1639 1251 1679 ipsa
1268 1639 1438 1678 coniunyit.
1485 1638 1656 1669 Praeterea
1678 1638 1714 1669 in
1736 1638 1795 1670 bac
1810 1638 2002 1670 indicatione
2017 1640 2101 1670 anti-

708 1702 804 1730 quam
819 1691 954 1730 formam.
971 1691 1082 1722 retinet
1098 1691 1188 1727 (nam
1206 1701 1324 1721 errores
1346 1691 1382 1721 *in
1404 1701 1449 1729 ep.
1470 1690 1554 1721 XII.
1581 1690 1670 1722 XVI
1685 1691 1848 1730 pertinent
1863 1691 1907 1721 ad
1920 1690 2017 1722 solam
2033 1691 2102 1722 eius

708 1743 835 1774 classem
857 1743 1052 1779 secundam).
1101 1743 1234 1774 Omnino
1257 1743 1332 1774 llaec
1355 1753 1475 1782 quoque
1498 1743 1629 1774 irmuere
1656 1743 1803 1774 videntur
1831 1742 1993 1783 archetypi
2022 1753 2101 1774 com-

710 1795 816 1826 munis
842 1796 1023 1834 scriptorem
1053 1795 1187 1834 fbrmam
1215 1805 1282 1826 eam
1310 1795 1478 1826 retinuisse
1505 1795 1583 1834 fere,
1613 1794 1668 1825 sed
1693 1805 1813 1834 parum
1842 1794 2029 1826 intellectam
2051 1795 2102 1825 liic

711 1847 773 1877 illic
797 1846 973 1886 ›zoyleeisse

614 1899 712 1929 Verba
738 1910 796 1940 per
820 1910 963 1929 mensem
988 1898 1220 1938 Decembrem,
1252 1909 1333 1938 quac
1356 1899 1610 1929 ordinationibus
1638 1898 1787 1937 subiunyi
1815 1898 1923 1929 debent
1945 1900 1973 1928 ct
1995 1897 2100 1931 solent.

713 1951 782 1981 item
806 1961 869 1981 non
893 1961 966 1980 raro
992 1951 1025 1981 in
1048 1950 1137 1981 libris
1160 1951 1285 1989 optimis
1308 1951 1481 1990 quibusque
1506 1949 1651 1989 leyuntnr
1675 1949 1737 1981 loco
1760 1949 1879 1989 alieno,
1903 1952 1939 1980 ut
1964 1950 1997 1980 in
2020 1950 2101 1980 Ani-

709 2005 772 2033 ceto
803 2005 847 2041 15,
862 2015 884 2041 e,
912 2002 944 2033 in
967 2002 1145 2042 Zeplipsrino
1169 2004 1220 2041 20,
1240 2015 1272 2038 12.
1299 2003 1332 2033 in
1357 2001 1440 2033 Gaio
1465 2004 1515 2039 38,
1535 2014 1565 2032 10.

607 2054 672 2085 Sub
702 2054 848 2085 Silrestro
876 2055 1020 2085 narratio
1055 2055 1091 2085 de
1127 2054 1218 2085 titulo
1248 2054 1374 2093 Equitii
1404 2054 1526 2085 condito
1554 2054 1600 2084 bis
1628 2053 1741 2092 leyitur
1762 2064 1796 2092 p.
1813 2054 1863 2090 47,
1880 2054 1999 2091 10—48‚
2017 2063 2039 2082 17
2069 2056 2097 2084 et

706 2118 737 2145 p.
757 2108 805 2143 71,
825 2116 916 2133 ιιι-31
940 2107 1093 2137 recensita
1116 2106 1242 2137 diverse.
1816 2110 1820 2114 ’

452 2159 714 2189 perturbationes
738 2158 896 2189 admissae
921 2162 993 2189 suut
1017 2159 1067 2189 vel
1092 2161 1178 2189 certe
1204 2158 1374 2189 inchoatae
1394 2159 1488 2199 eulpa
1509 2158 1606 2199 ipsius
1625 2157 1762 2188 auctoris
1780 2168 1837 2198 per
1853 2157 1971 2198 gradus
1987 2157 2101 2188 librum

451 2210 599 2251 augentis
620 2210 847 2241 additamentis
871 2211 996 2240 insertis
1021 2210 1180 2241 interdum
1206 2211 1276 2240 loeo
1301 2220 1364 2240 non
1388 2220 1455 2240 sue.
1483 2227 1520 2231 —
1545 2209 1572 2240 E
1596 2210 1755 2240 contrario
1775 2219 1909 2248 erroreS,
1935 2219 2014 2250 quos
2037 2219 2100 2240 non

452 2263 590 2293 auctoris
615 2273 686 2293 esse
712 2266 833 2293 certum
859 2262 906 2299 sit.
933 2263 963 2292 in
988 2262 1138 2303 exempla
1162 2264 1271 2292 nostra,
1295 2262 1399 2292 omnia
1423 2261 1605 2303 propagati,
1630 2261 1741 2302 quales
1766 2261 1900 2291 fortasse
1924 2263 1998 2291 sunt
2020 2260 2068 2291 hi:

614 2317 680 2354 16⁴,
699 2328 709 2344 3
747 2314 883 2344 eeclesia
919 2314 1277 2355 Constantinopolitana
1312 2314 1415 2355 prima
1455 2324 1488 2344 se
1529 2313 1668 2344 omnium
1709 2313 1917 2343 ecelesiarum
1959 2312 2102 2355 [romana

711 2365 784 2396 add.
810 2365 864 2404 II,
900 2376 1051 2396 romanae
1086 2365 1243 2396 eeclesiae
1280 2365 1353 2396 add.
1377 2365 1411 2402 J,
1448 2365 1479 2395 id
1516 2368 1564 2395 est
1597 2365 1733 2396 ecelesia
1764 2375 1896 2395 romana
1926 2365 2001 2396 add.
2024 2364 2101 2405 ΙΙΙ]

712 2417 884 2455 scribebat,
909 2417 963 2447 ubi
984 2417 1134 2456 (Jlossrsma
1157 2427 1261 2447 omnes
1284 2417 1378 2447 libros
1401 2417 1564 2455 occupavit

616 2473 681 2507 1915,
700 2482 721 2500 ιτ
747 2472 854 2511 partes
883 2469 1139 2510 subscripserunt
1163 2468 1296 2499 CXXV:
1323 2480 1382 2507 pro
1406 2479 1535 2499 numero
1552 2469 1581 2499 V
1606 2485 1644 2494 Ξ
1670 2468 1809 2510 quinque
1834 2467 1931 2498 trium
1954 2467 2102 2498 classium

713 2520 785 2551 libri
808 2521 917 2561 optimi
940 2521 1052 2551 haberit
1076 2532 1138 2552 exx
1163 2531 1298 2562 eumque

456 2584 526 2602 raro
553 2573 725 2603 admodum
750 2572 1043 2614 deprehenduntur.
1069 2584 1172 2614 neque
1198 2574 1382 2614 frequentes
1407 2583 1477 2603 esse
1502 2575 1633 2614 possunt
1656 2572 1687 2602 in
1710 2571 1802 2610 libro,
1827 2581 1846 2601 a
1869 2570 1956 2601 euius
1980 2570 2101 2611 origine

455 2623 581 2654 cmlii-es
606 2625 702 2655 nostri
727 2625 876 2655 meliores
901 2636 962 2655 non
988 2625 1107 2655 distant
1131 2625 1189 2655 nisi
1212 2625 1379 2655 intervallo
1403 2624 1443 2655 ad
1468 2634 1625 2655 summum
1649 2626 1776 2654 eentum
1799 2632 1961 2653 annorum.

1082 2718 1302 2750 RECENSIO
1327 2718 1474 2749 PRIOR.

567 2786 707 2816 vitarum
734 2787 916 2827 pontificum
943 2787 1160 2819 Romanorum
1189 2798 1325 2828 corpora
1349 2786 1426 2825 duo7
1451 2787 1587 2817 alterum
1611 2786 1800 2827 perveniens
1824 2785 1864 2815 ad
1887 2785 2028 2816 Felicem
2056 2785 2100 2815 IV

458 2839 491 2876 15·
517 2841 603 2878 5250),
628 2838 668 2867 ad
693 2839 856 2868 Uononem
882 2841 916 2879 (ji
941 2842 1018 2880 (5⁵³7)
1042 2840 1194 2874 alterum,
1219 2849 1281 2869 non
1306 2848 1376 2869 esse
1400 2838 1459 2869 nisi
1484 2838 1641 2879 epitomas
1665 2836 1743 2867 duas
1767 2837 1909 2868 diversas
1933 2840 2102 2878 excerptas
