<?xml version="1.0" encoding="UTF-8"?>
<!DOCTYPE html PUBLIC "-//W3C//DTD XHTML 1.0 Transitional//EN"
    "http://www.w3.org/TR/xhtml1/DTD/xhtml1-transitional.dtd">
<html xmlns="http://www.w3.org/1999/xhtml" xml:lang="en" lang="en">
 <head>
  <title>
</title>
<meta http-equiv="Content-Type" content="text/html;charset=utf-8" />
  <meta name='ocr-system' content='tesseract 3.04.00' />
  <meta name='ocr-capabilities' content='ocr_page ocr_carea ocr_par ocr_line ocrx_word'/>
</head>
<body>
  <div class='ocr_page' id='page_1' title='image "./monumentagegesto01geseuoft_0069.png"; bbox 0 0 2245 3213; ppageno 0'>
   <div class='ocr_carea' id='block_1_1' title="bbox 865 162 1831 189">
    <p class='ocr_par' dir='ltr' id='par_1_1' title="bbox 865 162 1831 189">
     <span class='ocr_line' id='line_1_1' title="bbox 865 162 1831 189; baseline 0 0"><span class='ocrx_word' id='word_1_1' title='bbox 865 162 1146 189; x_wconf 85' lang='lat' dir='ltr'>PROLEGOMENA.</span> <span class='ocrx_word' id='word_1_2' title='bbox 1740 163 1831 189; x_wconf 81' lang='lat' dir='ltr'>LXIII</span> 
     </span>
    </p>
   </div>
   <div class='ocr_carea' id='block_1_2' title="bbox 178 248 1830 652">
    <p class='ocr_par' dir='ltr' id='par_1_2' title="bbox 178 248 1830 652">
     <span class='ocr_line' id='line_1_2' title="bbox 181 248 1830 291; baseline 0.001 -13"><span class='ocrx_word' id='word_1_3' title='bbox 181 250 264 278; x_wconf 71' lang='lat'>5140</span> <span class='ocrx_word' id='word_1_4' title='bbox 281 258 365 279; x_wconf 86' lang='lat' dir='ltr'>saec.</span> <span class='ocrx_word' id='word_1_5' title='bbox 383 248 431 279; x_wconf 89' lang='lat' dir='ltr'>XI</span> <span class='ocrx_word' id='word_1_6' title='bbox 455 248 634 290; x_wconf 82' lang='lat' dir='ltr'>incipientis</span> <span class='ocrx_word' id='word_1_7' title='bbox 651 249 716 289; x_wconf 86' lang='lat' dir='ltr'>(hic</span> <span class='ocrx_word' id='word_1_8' title='bbox 734 249 771 288; x_wconf 74' lang='lat' dir='ltr'>P,</span> <span class='ocrx_word' id='word_1_9' title='bbox 790 250 820 280; x_wconf 90' lang='lat' dir='ltr'>in</span> <span class='ocrx_word' id='word_1_10' title='bbox 836 253 992 291; x_wconf 86' lang='lat' dir='ltr'>apparatu</span> <span class='ocrx_word' id='word_1_11' title='bbox 1013 248 1073 287; x_wconf 51' lang='lat' dir='ltr'>Cf)</span> <span class='ocrx_word' id='word_1_12' title='bbox 1092 252 1124 280; x_wconf 88' lang='lat' dir='ltr'>et</span> <span class='ocrx_word' id='word_1_13' title='bbox 1141 249 1298 280; x_wconf 84' lang='lat' dir='ltr'>Vaticano</span> <span class='ocrx_word' id='word_1_14' title='bbox 1318 249 1400 279; x_wconf 77' lang='lat'>3864</span> <span class='ocrx_word' id='word_1_15' title='bbox 1418 258 1501 279; x_wconf 83' lang='lat' dir='ltr'>saec.</span> <span class='ocrx_word' id='word_1_16' title='bbox 1521 249 1664 280; x_wconf 82' lang='lat' dir='ltr'>eiusdem</span> <span class='ocrx_word' id='word_1_17' title='bbox 1683 250 1830 280; x_wconf 82' lang='lat' dir='ltr'>exeuntis</span> 
     </span>
     <span class='ocr_line' id='line_1_3' title="bbox 181 299 1829 342; baseline 0.001 -12"><span class='ocrx_word' id='word_1_18' title='bbox 181 299 244 337; x_wconf 83' lang='lat' dir='ltr'>(hio</span> <span class='ocrx_word' id='word_1_19' title='bbox 261 299 300 338; x_wconf 84' lang='lat' dir='ltr'>E,</span> <span class='ocrx_word' id='word_1_20' title='bbox 325 300 356 330; x_wconf 92' lang='lat' dir='ltr'>in</span> <span class='ocrx_word' id='word_1_21' title='bbox 373 303 530 341; x_wconf 84' lang='lat' dir='ltr'>apparatu</span> <span class='ocrx_word' id='word_1_22' title='bbox 544 300 620 340; x_wconf 66' lang='lat' dir='ltr'>El).</span> <span class='ocrx_word' id='word_1_23' title='bbox 667 301 845 332; x_wconf 85' lang='lat' dir='ltr'>Ediderunt</span> <span class='ocrx_word' id='word_1_24' title='bbox 861 301 997 332; x_wconf 88' lang='lat' dir='ltr'>indicem</span> <span class='ocrx_word' id='word_1_25' title='bbox 1015 301 1055 332; x_wconf 85' lang='lat' dir='ltr'>ad</span> <span class='ocrx_word' id='word_1_26' title='bbox 1073 301 1160 331; x_wconf 88' lang='lat' dir='ltr'>illum</span> <span class='ocrx_word' id='word_1_27' title='bbox 1179 301 1292 332; x_wconf 87' lang='lat' dir='ltr'>librum</span> <span class='ocrx_word' id='word_1_28' title='bbox 1310 300 1513 331; x_wconf 87' lang='lat' dir='ltr'>Duchesnius</span> <span class='ocrx_word' id='word_1_29' title='bbox 1530 301 1591 331; x_wconf 80' lang='lat' dir='ltr'>vol.</span> <span class='ocrx_word' id='word_1_30' title='bbox 1614 304 1622 331; x_wconf 98' lang='lat' dir='ltr'>l</span> <span class='ocrx_word' id='word_1_31' title='bbox 1649 312 1679 342; x_wconf 89' lang='lat' dir='ltr'>p.</span> <span class='ocrx_word' id='word_1_32' title='bbox 1699 301 1829 336; x_wconf 74' lang='lat' dir='ltr'>CLVII.</span> 
     </span>
     <span class='ocr_line' id='line_1_4' title="bbox 180 350 1829 393; baseline 0.002 -13"><span class='ocrx_word' id='word_1_33' title='bbox 180 350 221 381; x_wconf 91' lang='lat' dir='ltr'>ad</span> <span class='ocrx_word' id='word_1_34' title='bbox 255 350 338 381; x_wconf 90' lang='lat' dir='ltr'>hunc</span> <span class='ocrx_word' id='word_1_35' title='bbox 362 350 530 392; x_wconf 83' lang='lat' dir='ltr'>Vignolius</span> <span class='ocrx_word' id='word_1_36' title='bbox 567 362 594 383; x_wconf 92' lang='lat' dir='ltr'>a.</span> <span class='ocrx_word' id='word_1_37' title='bbox 619 354 695 382; x_wconf 78' lang='lat'><strong>1724</strong></span> <span class='ocrx_word' id='word_1_38' title='bbox 733 352 788 392; x_wconf 88' lang='lat' dir='ltr'>(ad</span> <span class='ocrx_word' id='word_1_39' title='bbox 822 353 894 383; x_wconf 89' lang='lat' dir='ltr'>libri</span> <span class='ocrx_word' id='word_1_40' title='bbox 925 353 1114 392; x_wconf 85' lang='lat' dir='ltr'>pontificalis</span> <span class='ocrx_word' id='word_1_41' title='bbox 1139 353 1198 383; x_wconf 76' lang='lat' dir='ltr'>vol.</span> <span class='ocrx_word' id='word_1_42' title='bbox 1224 355 1233 382; x_wconf 80' lang='lat'>1</span> <span class='ocrx_word' id='word_1_43' title='bbox 1265 356 1336 393; x_wconf 84' lang='lat' dir='ltr'>post</span> <span class='ocrx_word' id='word_1_44' title='bbox 1366 352 1615 393; x_wconf 81' lang='lat' dir='ltr'>praefationeml</span> <span class='ocrx_word' id='word_1_45' title='bbox 1641 356 1672 383; x_wconf 85' lang='lat' dir='ltr'>et</span> <span class='ocrx_word' id='word_1_46' title='bbox 1696 353 1829 383; x_wconf 82' lang='lat' dir='ltr'>Rossius</span> 
     </span>
     <span class='ocr_line' id='line_1_5' title="bbox 181 402 1828 444; baseline 0.001 -12"><span class='ocrx_word' id='word_1_47' title='bbox 181 402 281 432; x_wconf 78' lang='lat' dir='ltr'>Roma</span> <span class='ocrx_word' id='word_1_48' title='bbox 298 405 366 433; x_wconf 74' lang='lat' dir='ltr'>soit.</span> <span class='ocrx_word' id='word_1_49' title='bbox 385 404 402 432; x_wconf 81' lang='lat'><strong>2</strong></span> <span class='ocrx_word' id='word_1_50' title='bbox 425 413 455 444; x_wconf 92' lang='lat' dir='ltr'>p.</span> <span class='ocrx_word' id='word_1_51' title='bbox 470 402 600 435; x_wconf 83' lang='lat' dir='ltr'>XXIII:</span> <span class='ocrx_word' id='word_1_52' title='bbox 626 413 687 444; x_wconf 86' lang='lat' dir='ltr'>ego</span> <span class='ocrx_word' id='word_1_53' title='bbox 706 404 854 434; x_wconf 88' lang='lat' dir='ltr'>collatum</span> <span class='ocrx_word' id='word_1_54' title='bbox 873 404 970 435; x_wconf 88' lang='lat' dir='ltr'>habui</span> <span class='ocrx_word' id='word_1_55' title='bbox 987 405 1074 434; x_wconf 87' lang='lat' dir='ltr'>illum</span> <span class='ocrx_word' id='word_1_56' title='bbox 1099 414 1117 434; x_wconf 87' lang='lat' dir='ltr'>a</span> <span class='ocrx_word' id='word_1_57' title='bbox 1133 403 1266 434; x_wconf 87' lang='lat' dir='ltr'>Vidiero</span> <span class='ocrx_word' id='word_1_58' title='bbox 1286 404 1438 442; x_wconf 76' lang='lat' dir='ltr'>Parisino7</span> <span class='ocrx_word' id='word_1_59' title='bbox 1461 403 1545 435; x_wconf 86' lang='lat' dir='ltr'>hune</span> <span class='ocrx_word' id='word_1_60' title='bbox 1569 404 1609 435; x_wconf 82' lang='lat' dir='ltr'>ab</span> <span class='ocrx_word' id='word_1_61' title='bbox 1635 404 1745 435; x_wconf 85' lang='lat' dir='ltr'>amicis</span> <span class='ocrx_word' id='word_1_62' title='bbox 1762 404 1828 434; x_wconf 75' lang='lat' dir='ltr'>Ro-</span> 
     </span>
     <span class='ocr_line' id='line_1_6' title="bbox 179 453 1829 497; baseline 0.002 -14"><span class='ocrx_word' id='word_1_63' title='bbox 179 454 290 484; x_wconf 85' lang='lat' dir='ltr'>manis.</span> <span class='ocrx_word' id='word_1_64' title='bbox 315 472 351 475; x_wconf 77' lang='lat'>—</span> <span class='ocrx_word' id='word_1_65' title='bbox 381 453 510 485; x_wconf 81' lang='lat' dir='ltr'>Ordinis</span> <span class='ocrx_word' id='word_1_66' title='bbox 536 455 760 496; x_wconf 85' lang='lat' dir='ltr'>episcoporum</span> <span class='ocrx_word' id='word_1_67' title='bbox 784 466 937 487; x_wconf 87' lang='lat' dir='ltr'>numeros</span> <span class='ocrx_word' id='word_1_68' title='bbox 963 457 1098 495; x_wconf 85' lang='lat' dir='ltr'>(scilicet</span> <span class='ocrx_word' id='word_1_69' title='bbox 1123 466 1177 486; x_wconf 82' lang='lat' dir='ltr'>eos</span> <span class='ocrx_word' id='word_1_70' title='bbox 1201 456 1301 497; x_wconf 72' lang='lat' dir='ltr'>ipsos7</span> <span class='ocrx_word' id='word_1_71' title='bbox 1327 466 1405 496; x_wconf 89' lang='lat' dir='ltr'>quos</span> <span class='ocrx_word' id='word_1_72' title='bbox 1430 455 1564 486; x_wconf 83' lang='lat' dir='ltr'>exhibet</span> <span class='ocrx_word' id='word_1_73' title='bbox 1595 456 1692 487; x_wconf 87' lang='lat' dir='ltr'>editio</span> <span class='ocrx_word' id='word_1_74' title='bbox 1721 459 1829 486; x_wconf 78' lang='lat' dir='ltr'>nostra.</span> 
     </span>
     <span class='ocr_line' id='line_1_7' title="bbox 179 505 1829 548; baseline 0.002 -13"><span class='ocrx_word' id='word_1_75' title='bbox 179 505 251 536; x_wconf 91' lang='lat' dir='ltr'>libri</span> <span class='ocrx_word' id='word_1_76' title='bbox 274 505 477 546; x_wconf 77' lang='lat' dir='ltr'>pontificalis)</span> <span class='ocrx_word' id='word_1_77' title='bbox 502 507 691 547; x_wconf 84' lang='lat' dir='ltr'>praescribit</span> <span class='ocrx_word' id='word_1_78' title='bbox 715 507 800 538; x_wconf 90' lang='lat' dir='ltr'>solus</span> <span class='ocrx_word' id='word_1_79' title='bbox 824 508 905 538; x_wconf 88' lang='lat' dir='ltr'>liber</span> <span class='ocrx_word' id='word_1_80' title='bbox 921 507 968 543; x_wconf 82' lang='lat' dir='ltr'>E;</span> <span class='ocrx_word' id='word_1_81' title='bbox 994 509 1116 538; x_wconf 73' lang='lat' dir='ltr'>litteras</span> <span class='ocrx_word' id='word_1_82' title='bbox 1146 507 1186 537; x_wconf 79' lang='lat' dir='ltr'>ad</span> <span class='ocrx_word' id='word_1_83' title='bbox 1216 507 1322 548; x_wconf 76' lang='lat' dir='ltr'>capita</span> <span class='ocrx_word' id='word_1_84' title='bbox 1352 507 1531 548; x_wconf 84' lang='lat' dir='ltr'>separanda</span> <span class='ocrx_word' id='word_1_85' title='bbox 1559 511 1591 538; x_wconf 89' lang='lat' dir='ltr'>et</span> <span class='ocrx_word' id='word_1_86' title='bbox 1614 518 1765 538; x_wconf 88' lang='lat' dir='ltr'>numeros</span> <span class='ocrx_word' id='word_1_87' title='bbox 1788 507 1829 538; x_wconf 88' lang='lat' dir='ltr'>ad</span> 
     </span>
     <span class='ocr_line' id='line_1_8' title="bbox 178 557 1827 600; baseline 0.001 -13"><span class='ocrx_word' id='word_1_88' title='bbox 178 567 278 598; x_wconf 80' lang='lat' dir='ltr'>papas</span> <span class='ocrx_word' id='word_1_89' title='bbox 295 557 507 598; x_wconf 72' lang='lat' dir='ltr'>homonymos</span> <span class='ocrx_word' id='word_1_90' title='bbox 525 557 766 599; x_wconf 85' lang='lat' dir='ltr'>distinguendos</span> <span class='ocrx_word' id='word_1_91' title='bbox 788 569 848 600; x_wconf 86' lang='lat' dir='ltr'>ego</span> <span class='ocrx_word' id='word_1_92' title='bbox 864 559 967 590; x_wconf 79' lang='lat' dir='ltr'>adieci</span> <span class='ocrx_word' id='word_1_93' title='bbox 983 560 1071 590; x_wconf 86' lang='lat' dir='ltr'>uncis</span> <span class='ocrx_word' id='word_1_94' title='bbox 1086 558 1247 600; x_wconf 87' lang='lat' dir='ltr'>quadratis</span> <span class='ocrx_word' id='word_1_95' title='bbox 1265 559 1506 600; x_wconf 86' lang='lat' dir='ltr'>comprehensa.</span> <span class='ocrx_word' id='word_1_96' title='bbox 1549 558 1629 590; x_wconf 85' lang='lat' dir='ltr'>Cum</span> <span class='ocrx_word' id='word_1_97' title='bbox 1647 559 1686 590; x_wconf 86' lang='lat' dir='ltr'>de</span> <span class='ocrx_word' id='word_1_98' title='bbox 1705 559 1827 597; x_wconf 80' lang='lat' dir='ltr'>ordine,</span> 
     </span>
     <span class='ocr_line' id='line_1_9' title="bbox 180 609 1827 652; baseline 0.001 -13"><span class='ocrx_word' id='word_1_99' title='bbox 180 619 274 650; x_wconf 88' lang='lat' dir='ltr'>quem</span> <span class='ocrx_word' id='word_1_100' title='bbox 299 609 433 650; x_wconf 75' lang='lat' dir='ltr'>scriptor</span> <span class='ocrx_word' id='word_1_101' title='bbox 456 614 583 640; x_wconf 86' lang='lat' dir='ltr'>secutus</span> <span class='ocrx_word' id='word_1_102' title='bbox 607 614 664 649; x_wconf 72' lang='lat' dir='ltr'>est,</span> <span class='ocrx_word' id='word_1_103' title='bbox 689 611 776 641; x_wconf 89' lang='lat' dir='ltr'>nullo</span> <span class='ocrx_word' id='word_1_104' title='bbox 800 611 871 642; x_wconf 85' lang='lat' dir='ltr'>loco</span> <span class='ocrx_word' id='word_1_105' title='bbox 896 611 1034 642; x_wconf 81' lang='lat' dir='ltr'>dubitari</span> <span class='ocrx_word' id='word_1_106' title='bbox 1054 611 1164 652; x_wconf 78' lang='lat' dir='ltr'>possit,</span> <span class='ocrx_word' id='word_1_107' title='bbox 1189 620 1252 640; x_wconf 92' lang='lat' dir='ltr'>non</span> <span class='ocrx_word' id='word_1_108' title='bbox 1274 610 1390 640; x_wconf 87' lang='lat' dir='ltr'>retinui</span> <span class='ocrx_word' id='word_1_109' title='bbox 1407 620 1555 641; x_wconf 85' lang='lat' dir='ltr'>versuum</span> <span class='ocrx_word' id='word_1_110' title='bbox 1573 611 1827 652; x_wconf 82' lang='lat' dir='ltr'>dispositionem.</span> 
     </span>
    </p>
   </div>
   <div class='ocr_carea' id='block_1_3' title="bbox 179 659 1826 704">
    <p class='ocr_par' dir='ltr' id='par_1_3' title="bbox 179 659 1826 704">
     <span class='ocr_line' id='line_1_10' title="bbox 179 659 1826 704; baseline 0.002 -14"><span class='ocrx_word' id='word_1_111' title='bbox 179 670 261 701; x_wconf 89' lang='lat' dir='ltr'>quae</span> <span class='ocrx_word' id='word_1_112' title='bbox 279 659 393 691; x_wconf 88' lang='lat' dir='ltr'>eadem</span> <span class='ocrx_word' id='word_1_113' title='bbox 412 664 461 691; x_wconf 87' lang='lat' dir='ltr'>est</span> <span class='ocrx_word' id='word_1_114' title='bbox 483 661 514 692; x_wconf 92' lang='lat' dir='ltr'>in</span> <span class='ocrx_word' id='word_1_115' title='bbox 538 664 674 703; x_wconf 88' lang='lat' dir='ltr'>utroque</span> <span class='ocrx_word' id='word_1_116' title='bbox 691 662 781 702; x_wconf 86' lang='lat' dir='ltr'>libro,</span> <span class='ocrx_word' id='word_1_117' title='bbox 806 663 865 693; x_wconf 87' lang='lat' dir='ltr'>nisi</span> <span class='ocrx_word' id='word_1_118' title='bbox 883 663 966 704; x_wconf 92' lang='lat' dir='ltr'>quod</span> <span class='ocrx_word' id='word_1_119' title='bbox 991 662 1065 693; x_wconf 90' lang='lat' dir='ltr'>inde</span> <span class='ocrx_word' id='word_1_120' title='bbox 1094 672 1113 692; x_wconf 87' lang='lat' dir='ltr'>a</span> <span class='ocrx_word' id='word_1_121' title='bbox 1142 661 1269 692; x_wconf 80' lang='lat' dir='ltr'>rubrica</span> <span class='ocrx_word' id='word_1_122' title='bbox 1285 661 1323 691; x_wconf 88' lang='lat' dir='ltr'><strong><em>K</em></strong></span> <span class='ocrx_word' id='word_1_123' title='bbox 1342 661 1403 691; x_wconf 80' lang='lat' dir='ltr'>loci</span> <span class='ocrx_word' id='word_1_124' title='bbox 1427 661 1458 692; x_wconf 92' lang='lat' dir='ltr'>in</span> <span class='ocrx_word' id='word_1_125' title='bbox 1477 662 1511 692; x_wconf 84' lang='lat' dir='ltr'><em>E</em></span> <span class='ocrx_word' id='word_1_126' title='bbox 1530 672 1593 692; x_wconf 90' lang='lat' dir='ltr'>non</span> <span class='ocrx_word' id='word_1_127' title='bbox 1618 673 1728 693; x_wconf 87' lang='lat' dir='ltr'>versus</span> <span class='ocrx_word' id='word_1_128' title='bbox 1753 673 1826 693; x_wconf 83' lang='lat' dir='ltr'>suos</span> 
     </span>
    </p>
   </div>
   <div class='ocr_carea' id='block_1_4' title="bbox 178 712 1163 755">
    <p class='ocr_par' dir='ltr' id='par_1_4' title="bbox 178 712 1163 755">
     <span class='ocr_line' id='line_1_11' title="bbox 178 712 1163 755; baseline 0.001 -13"><span class='ocrx_word' id='word_1_129' title='bbox 178 712 314 750; x_wconf 80' lang='lat' dir='ltr'>habent,</span> <span class='ocrx_word' id='word_1_130' title='bbox 338 712 396 742; x_wconf 89' lang='lat' dir='ltr'>sed</span> <span class='ocrx_word' id='word_1_131' title='bbox 425 712 466 743; x_wconf 88' lang='lat' dir='ltr'>ad</span> <span class='ocrx_word' id='word_1_132' title='bbox 489 713 627 754; x_wconf 87' lang='lat' dir='ltr'>primum</span> <span class='ocrx_word' id='word_1_133' title='bbox 651 715 763 755; x_wconf 85' lang='lat' dir='ltr'>capitis</span> <span class='ocrx_word' id='word_1_134' title='bbox 788 725 905 745; x_wconf 88' lang='lat' dir='ltr'>nomen</span> <span class='ocrx_word' id='word_1_135' title='bbox 929 714 1163 746; x_wconf 87' lang='lat' dir='ltr'>adscribuntur.</span> 
     </span>
    </p>
   </div>
   <div class='ocr_carea' id='block_1_5' title="bbox 178 763 1000 2817">
    <p class='ocr_par' dir='ltr' id='par_1_5' title="bbox 281 763 1000 910">
     <span class='ocr_line' id='line_1_12' title="bbox 281 763 998 808; baseline 0.004 -14"><span class='ocrx_word' id='word_1_136' title='bbox 281 763 437 795; x_wconf 89' lang='lat' dir='ltr'>Indicium</span> <span class='ocrx_word' id='word_1_137' title='bbox 472 765 659 805; x_wconf 87' lang='lat' dir='ltr'>(indiculum</span> <span class='ocrx_word' id='word_1_138' title='bbox 680 766 731 803; x_wconf 81' lang='lat' dir='ltr'>El</span> <span class='ocrx_word' id='word_1_139' title='bbox 766 767 797 797; x_wconf 87' lang='lat' dir='ltr'>in</span> <span class='ocrx_word' id='word_1_140' title='bbox 833 777 894 808; x_wconf 91' lang='lat' dir='ltr'>quo</span> <span class='ocrx_word' id='word_1_141' title='bbox 928 767 998 797; x_wconf 88' lang='lat' dir='ltr'>loco</span> 
     </span>
     <span class='ocr_line' id='line_1_13' title="bbox 334 817 1000 859; baseline 0.005 -13"><span class='ocrx_word' id='word_1_142' title='bbox 334 817 550 857; x_wconf 79' lang='lat' dir='ltr'>unusquisque</span> <span class='ocrx_word' id='word_1_143' title='bbox 574 817 793 848; x_wconf 84' lang='lat' dir='ltr'>Romanorum</span> <span class='ocrx_word' id='word_1_144' title='bbox 818 818 1000 859; x_wconf 88' lang='lat' dir='ltr'>pontificum</span> 
     </span>
     <span class='ocr_line' id='line_1_14' title="bbox 332 868 880 910; baseline 0.005 -12"><span class='ocrx_word' id='word_1_145' title='bbox 332 868 504 908; x_wconf 83' lang='lat' dir='ltr'>requiescit</span> <span class='ocrx_word' id='word_1_146' title='bbox 528 869 609 910; x_wconf 89' lang='lat' dir='ltr'>(req.</span> <span class='ocrx_word' id='word_1_147' title='bbox 633 872 720 910; x_wconf 85' lang='lat' dir='ltr'>pont.</span> <span class='ocrx_word' id='word_1_148' title='bbox 738 880 817 901; x_wconf 87' lang='lat' dir='ltr'>rom.</span> <span class='ocrx_word' id='word_1_149' title='bbox 834 869 880 909; x_wconf 89' lang='grc' dir='ltr'>Ε)</span> 
     </span>
    </p>

    <p class='ocr_par' dir='ltr' id='par_1_6' title="bbox 178 917 979 2817">
     <span class='ocr_line' id='line_1_15' title="bbox 178 917 719 961; baseline 0.006 -13"><span class='ocrx_word' id='word_1_150' title='bbox 178 917 228 960; x_wconf 83' lang='grc' dir='ltr'>[Α]</span> <span class='ocrx_word' id='word_1_151' title='bbox 253 919 283 949; x_wconf 92' lang='lat' dir='ltr'>in</span> <span class='ocrx_word' id='word_1_152' title='bbox 308 919 464 950; x_wconf 84' lang='lat' dir='ltr'>Vaticano</span> <span class='ocrx_word' id='word_1_153' title='bbox 489 920 652 960; x_wconf 81' lang='lat' dir='ltr'>(baticano</span> <span class='ocrx_word' id='word_1_154' title='bbox 671 920 719 961; x_wconf 87' lang='lat' dir='ltr'>E)</span> 
     </span>
     <span class='ocr_line' id='line_1_16' title="bbox 333 971 498 1002; baseline 0 -1"><span class='ocrx_word' id='word_1_155' title='bbox 333 971 357 1002; x_wconf 88' lang='grc' dir='ltr'>Ι,</span> <span class='ocrx_word' id='word_1_156' title='bbox 383 971 498 1002; x_wconf 86' lang='lat' dir='ltr'>Petrus</span> 
     </span>
     <span class='ocr_line' id='line_1_17' title="bbox 314 1022 480 1054; baseline -0.006 -1"><span class='ocrx_word' id='word_1_157' title='bbox 314 1022 358 1054; x_wconf 88' lang='lat' dir='ltr'>II.</span> <span class='ocrx_word' id='word_1_158' title='bbox 381 1022 480 1053; x_wconf 80' lang='lat' dir='ltr'>Linus</span> 
     </span>
     <span class='ocr_line' id='line_1_18' title="bbox 299 1073 493 1105; baseline -0.005 0"><span class='ocrx_word' id='word_1_159' title='bbox 299 1074 358 1105; x_wconf 90' lang='lat' dir='ltr'>III.</span> <span class='ocrx_word' id='word_1_160' title='bbox 383 1073 493 1105; x_wconf 84' lang='lat' dir='ltr'>Cletus</span> 
     </span>
     <span class='ocr_line' id='line_1_19' title="bbox 318 1125 979 1166; baseline 0.003 -10"><span class='ocrx_word' id='word_1_161' title='bbox 318 1125 356 1156; x_wconf 90' lang='lat' dir='ltr'>V.</span> <span class='ocrx_word' id='word_1_162' title='bbox 382 1125 558 1156; x_wconf 85' lang='lat' dir='ltr'>Anecletus</span> <span class='ocrx_word' id='word_1_163' title='bbox 574 1126 741 1166; x_wconf 83' lang='lat' dir='ltr'>(anecletis</span> <span class='ocrx_word' id='word_1_164' title='bbox 752 1126 828 1163; x_wconf 59' lang='grc' dir='ltr'>ΕΠ),</span> <span class='ocrx_word' id='word_1_165' title='bbox 842 1128 979 1158; x_wconf 87' lang='lat' dir='ltr'>anecleti</span> 
     </span>
     <span class='ocr_line' id='line_1_20' title="bbox 485 1177 808 1215; baseline 0.003 -7"><span class='ocrx_word' id='word_1_166' title='bbox 485 1177 560 1215; x_wconf 68' lang='lat'>13¹⁶,</span> <span class='ocrx_word' id='word_1_167' title='bbox 584 1178 747 1209; x_wconf 82' lang='lat' dir='ltr'>anacletus</span> <span class='ocrx_word' id='word_1_168' title='bbox 765 1178 808 1215; x_wconf 88' lang='lat' dir='ltr'>Pl</span> 
     </span>
     <span class='ocr_line' id='line_1_21' title="bbox 302 1229 557 1261; baseline 0 -1"><span class='ocrx_word' id='word_1_169' title='bbox 302 1230 358 1261; x_wconf 82' lang='lat' dir='ltr'>VI.</span> <span class='ocrx_word' id='word_1_170' title='bbox 383 1229 557 1260; x_wconf 80' lang='lat' dir='ltr'>Euarestus</span> 
     </span>
     <span class='ocr_line' id='line_1_22' title="bbox 268 1280 769 1323; baseline 0 -11"><span class='ocrx_word' id='word_1_171' title='bbox 268 1281 357 1313; x_wconf 84' lang='lat' dir='ltr'>VIII.</span> <span class='ocrx_word' id='word_1_172' title='bbox 382 1280 491 1312; x_wconf 79' lang='lat' dir='ltr'>Sixtus</span> <span class='ocrx_word' id='word_1_173' title='bbox 517 1281 642 1323; x_wconf 70' lang='lat' dir='ltr'>(syxtus</span> <span class='ocrx_word' id='word_1_174' title='bbox 659 1281 707 1321; x_wconf 85' lang='lat' dir='ltr'>E)</span> <span class='ocrx_word' id='word_1_175' title='bbox 735 1280 769 1323; x_wconf 87' lang='grc' dir='ltr'>[Ι]</span> 
     </span>
     <span class='ocr_line' id='line_1_23' title="bbox 249 1333 528 1364; baseline 0 -1"><span class='ocrx_word' id='word_1_176' title='bbox 249 1333 356 1364; x_wconf 90' lang='lat' dir='ltr'>VIIII.</span> <span class='ocrx_word' id='word_1_177' title='bbox 380 1333 528 1363; x_wconf 83' lang='lat' dir='ltr'>Telesfor</span> 
     </span>
     <span class='ocr_line' id='line_1_24' title="bbox 316 1384 720 1426; baseline 0 -11"><span class='ocrx_word' id='word_1_178' title='bbox 316 1385 357 1415; x_wconf 90' lang='lat' dir='ltr'>X.</span> <span class='ocrx_word' id='word_1_179' title='bbox 382 1384 500 1426; x_wconf 88' lang='lat' dir='ltr'>Igynus</span> <span class='ocrx_word' id='word_1_180' title='bbox 525 1385 653 1426; x_wconf 68' lang='lat' dir='ltr'>(yginus</span> <span class='ocrx_word' id='word_1_181' title='bbox 670 1384 720 1423; x_wconf 85' lang='grc' dir='ltr'>Ε)</span> 
     </span>
     <span class='ocr_line' id='line_1_25' title="bbox 280 1436 576 1475; baseline 0 -8"><span class='ocrx_word' id='word_1_182' title='bbox 280 1436 356 1468; x_wconf 90' lang='lat' dir='ltr'>XII.</span> <span class='ocrx_word' id='word_1_183' title='bbox 380 1436 456 1475; x_wconf 75' lang='lat' dir='ltr'>(sic)</span> <span class='ocrx_word' id='word_1_184' title='bbox 480 1436 576 1467; x_wconf 80' lang='lat' dir='ltr'>Pius&#39;</span> 
     </span>
     <span class='ocr_line' id='line_1_26' title="bbox 244 1487 691 1528; baseline -0.002 -9"><span class='ocrx_word' id='word_1_185' title='bbox 244 1488 353 1520; x_wconf 86' lang='lat' dir='ltr'>XIIII.</span> <span class='ocrx_word' id='word_1_186' title='bbox 379 1488 447 1527; x_wconf 74' lang='lat' dir='ltr'>(xiii</span> <span class='ocrx_word' id='word_1_187' title='bbox 463 1488 511 1528; x_wconf 88' lang='lat' dir='ltr'>E)</span> <span class='ocrx_word' id='word_1_188' title='bbox 536 1487 691 1519; x_wconf 83' lang='lat' dir='ltr'>Eleuther</span> 
     </span>
     <span class='ocr_line' id='line_1_27' title="bbox 283 1539 493 1570; baseline 0 0"><span class='ocrx_word' id='word_1_189' title='bbox 283 1539 355 1570; x_wconf 86' lang='lat' dir='ltr'>XV.</span> <span class='ocrx_word' id='word_1_190' title='bbox 381 1539 493 1570; x_wconf 78' lang='lat' dir='ltr'>Victor</span> 
     </span>
     <span class='ocr_line' id='line_1_28' title="bbox 219 1589 510 1633; baseline -0.003 -11"><span class='ocrx_word' id='word_1_191' title='bbox 219 1591 354 1622; x_wconf 90' lang='lat' dir='ltr'>XLVII.</span> <span class='ocrx_word' id='word_1_192' title='bbox 379 1589 449 1621; x_wconf 87' lang='lat' dir='ltr'>Leo</span> <span class='ocrx_word' id='word_1_193' title='bbox 476 1590 510 1633; x_wconf 91' lang='grc' dir='ltr'>[Ι]</span> 
     </span>
     <span class='ocr_line' id='line_1_29' title="bbox 204 1642 564 1684; baseline -0.003 -10"><span class='ocrx_word' id='word_1_194' title='bbox 204 1643 357 1675; x_wconf 85' lang='lat' dir='ltr'>XLVIII.</span> <span class='ocrx_word' id='word_1_195' title='bbox 383 1642 564 1684; x_wconf 81' lang='lat' dir='ltr'>Simplicius</span> 
     </span>
     <span class='ocr_line' id='line_1_30' title="bbox 300 1693 576 1736; baseline -0.004 -11"><span class='ocrx_word' id='word_1_196' title='bbox 300 1695 354 1726; x_wconf 95' lang='lat' dir='ltr'>LI.</span> <span class='ocrx_word' id='word_1_197' title='bbox 378 1694 523 1725; x_wconf 85' lang='lat' dir='ltr'>Gelasius</span> <span class='ocrx_word' id='word_1_198' title='bbox 541 1693 576 1736; x_wconf 93' lang='grc' dir='ltr'>[Ι]</span> 
     </span>
     <span class='ocr_line' id='line_1_31' title="bbox 282 1744 641 1788; baseline -0.003 -11"><span class='ocrx_word' id='word_1_199' title='bbox 282 1747 352 1777; x_wconf 89' lang='lat' dir='ltr'>LII.</span> <span class='ocrx_word' id='word_1_200' title='bbox 377 1746 565 1776; x_wconf 79' lang='lat' dir='ltr'>Anastasius</span> <span class='ocrx_word' id='word_1_201' title='bbox 591 1744 641 1788; x_wconf 89' lang='grc' dir='ltr'>[ΙΙ]</span> 
     </span>
     <span class='ocr_line' id='line_1_32' title="bbox 266 1797 843 1838; baseline -0.002 -10"><span class='ocrx_word' id='word_1_202' title='bbox 266 1798 352 1829; x_wconf 89' lang='lat' dir='ltr'>LIII.</span> <span class='ocrx_word' id='word_1_203' title='bbox 378 1797 555 1838; x_wconf 73' lang='lat' dir='ltr'>Symachus</span> <span class='ocrx_word' id='word_1_204' title='bbox 580 1800 779 1838; x_wconf 75' lang='lat' dir='ltr'>(symmagus</span> <span class='ocrx_word' id='word_1_205' title='bbox 796 1797 843 1828; x_wconf 82' lang='lat' dir='ltr'>El</span> 
     </span>
     <span class='ocr_line' id='line_1_33' title="bbox 248 1848 808 1887; baseline -0.004 -7"><span class='ocrx_word' id='word_1_206' title='bbox 248 1850 352 1880; x_wconf 90' lang='lat' dir='ltr'>LIIII.</span> <span class='ocrx_word' id='word_1_207' title='bbox 378 1848 543 1879; x_wconf 87' lang='lat' dir='ltr'>Hormista</span> <span class='ocrx_word' id='word_1_208' title='bbox 567 1849 745 1887; x_wconf 79' lang='lat' dir='ltr'>(hormisda</span> <span class='ocrx_word' id='word_1_209' title='bbox 759 1848 808 1884; x_wconf 91' lang='grc' dir='ltr'>Ε)</span> 
     </span>
     <span class='ocr_line' id='line_1_34' title="bbox 285 1899 597 1942; baseline -0.006 -10"><span class='ocrx_word' id='word_1_210' title='bbox 285 1901 352 1932; x_wconf 89' lang='lat' dir='ltr'>LV.</span> <span class='ocrx_word' id='word_1_211' title='bbox 377 1900 537 1931; x_wconf 89' lang='lat' dir='ltr'>Iohannes</span> <span class='ocrx_word' id='word_1_212' title='bbox 563 1899 597 1942; x_wconf 93' lang='grc' dir='ltr'>[Ι]</span> 
     </span>
     <span class='ocr_line' id='line_1_35' title="bbox 271 1951 582 1994; baseline -0.003 -11"><span class='ocrx_word' id='word_1_213' title='bbox 271 1952 352 1983; x_wconf 88' lang='lat' dir='ltr'>LVI.</span> <span class='ocrx_word' id='word_1_214' title='bbox 378 1951 471 1982; x_wconf 81' lang='lat' dir='ltr'>Felix</span> <span class='ocrx_word' id='word_1_215' title='bbox 495 1951 582 1994; x_wconf 83' lang='lat' dir='ltr'>[IIII]</span> 
     </span>
     <span class='ocr_line' id='line_1_36' title="bbox 252 2002 853 2045; baseline 0 -11"><span class='ocrx_word' id='word_1_216' title='bbox 252 2004 354 2035; x_wconf 90' lang='lat' dir='ltr'>LVII.</span> <span class='ocrx_word' id='word_1_217' title='bbox 378 2003 557 2034; x_wconf 69' lang='lat' dir='ltr'>Bonifatius</span> <span class='ocrx_word' id='word_1_218' title='bbox 582 2004 713 2039; x_wconf 71' lang='lat' dir='ltr'>t-facius</span> <span class='ocrx_word' id='word_1_219' title='bbox 734 2004 776 2042; x_wconf 84' lang='lat' dir='ltr'>P)</span> <span class='ocrx_word' id='word_1_220' title='bbox 802 2002 853 2045; x_wconf 91' lang='grc' dir='ltr'>[ΙΙ]</span> 
     </span>
     <span class='ocr_line' id='line_1_37' title="bbox 376 2054 613 2097; baseline 0 -12"><span class='ocrx_word' id='word_1_221' title='bbox 376 2055 536 2086; x_wconf 88' lang='lat' dir='ltr'>Iohannes</span> <span class='ocrx_word' id='word_1_222' title='bbox 561 2054 613 2097; x_wconf 91' lang='grc' dir='ltr'>[ΙΙ]</span> 
     </span>
     <span class='ocr_line' id='line_1_38' title="bbox 377 2107 535 2148; baseline 0 -11"><span class='ocrx_word' id='word_1_223' title='bbox 377 2107 535 2148; x_wconf 87' lang='lat' dir='ltr'>Agapitus</span> 
     </span>
     <span class='ocr_line' id='line_1_39' title="bbox 378 2158 589 2200; baseline 0 -11"><span class='ocrx_word' id='word_1_224' title='bbox 378 2159 530 2199; x_wconf 84' lang='lat' dir='ltr'>Pelagius</span> <span class='ocrx_word' id='word_1_225' title='bbox 555 2158 589 2200; x_wconf 92' lang='grc' dir='ltr'>[Ι]</span> 
     </span>
     <span class='ocr_line' id='line_1_40' title="bbox 375 2209 630 2252; baseline 0.004 -12"><span class='ocrx_word' id='word_1_226' title='bbox 375 2210 535 2241; x_wconf 72' lang='lat' dir='ltr'>Iohannes</span> <span class='ocrx_word' id='word_1_227' title='bbox 562 2209 630 2252; x_wconf 90' lang='grc' dir='ltr'>[ΙΙΙ]</span> 
     </span>
     <span class='ocr_line' id='line_1_41' title="bbox 377 2261 631 2303; baseline 0.004 -12"><span class='ocrx_word' id='word_1_228' title='bbox 377 2261 572 2292; x_wconf 77' lang='lat' dir='ltr'>Benedictus</span> <span class='ocrx_word' id='word_1_229' title='bbox 597 2261 631 2303; x_wconf 87' lang='grc' dir='ltr'>[Ι]</span> 
     </span>
     <span class='ocr_line' id='line_1_42' title="bbox 376 2312 604 2355; baseline 0 -12"><span class='ocrx_word' id='word_1_230' title='bbox 376 2313 528 2353; x_wconf 81' lang='lat' dir='ltr'>Pelagius</span> <span class='ocrx_word' id='word_1_231' title='bbox 553 2312 604 2355; x_wconf 88' lang='grc' dir='ltr'>[ΙΙ]</span> 
     </span>
     <span class='ocr_line' id='line_1_43' title="bbox 377 2364 610 2407; baseline -0.004 -12"><span class='ocrx_word' id='word_1_232' title='bbox 377 2364 552 2405; x_wconf 81' lang='lat' dir='ltr'>Gregorius</span> <span class='ocrx_word' id='word_1_233' title='bbox 576 2364 610 2407; x_wconf 89' lang='grc' dir='ltr'>[Ι]</span> 
     </span>
     <span class='ocr_line' id='line_1_44' title="bbox 378 2416 566 2446; baseline 0.005 -1"><span class='ocrx_word' id='word_1_234' title='bbox 378 2416 566 2446; x_wconf 77' lang='lat' dir='ltr'>Savinianus</span> 
     </span>
     <span class='ocr_line' id='line_1_45' title="bbox 377 2466 867 2509; baseline 0.002 -12"><span class='ocrx_word' id='word_1_235' title='bbox 377 2467 555 2498; x_wconf 78' lang='lat' dir='ltr'>Bonifatius</span> <span class='ocrx_word' id='word_1_236' title='bbox 579 2467 710 2503; x_wconf 49' lang='lat' dir='ltr'>(dacius</span> <span class='ocrx_word' id='word_1_237' title='bbox 728 2467 772 2500; x_wconf 90' lang='lat' dir='ltr'>Pl</span> <span class='ocrx_word' id='word_1_238' title='bbox 799 2466 867 2509; x_wconf 88' lang='grc' dir='ltr'>[ΙΙΙ]</span> 
     </span>
     <span class='ocr_line' id='line_1_46' title="bbox 183 2517 886 2560; baseline -0.003 -10"><span class='ocrx_word' id='word_1_239' title='bbox 183 2519 352 2550; x_wconf 89' lang='lat' dir='ltr'>LXVIIII.</span> <span class='ocrx_word' id='word_1_240' title='bbox 377 2518 556 2548; x_wconf 75' lang='lat' dir='ltr'>Bonifatius</span> <span class='ocrx_word' id='word_1_241' title='bbox 582 2519 710 2555; x_wconf 83' lang='lat' dir='ltr'>(·facius</span> <span class='ocrx_word' id='word_1_242' title='bbox 729 2518 774 2555; x_wconf 79' lang='lat' dir='ltr'>P)</span> <span class='ocrx_word' id='word_1_243' title='bbox 801 2517 886 2560; x_wconf 86' lang='grc' dir='ltr'>[ΙΙΙΙ]</span> 
     </span>
     <span class='ocr_line' id='line_1_47' title="bbox 251 2569 560 2601; baseline -0.006 0"><span class='ocrx_word' id='word_1_244' title='bbox 251 2570 354 2601; x_wconf 87' lang='lat' dir='ltr'>LXX.</span> <span class='ocrx_word' id='word_1_245' title='bbox 379 2569 560 2600; x_wconf 87' lang='lat' dir='ltr'>Deusdedit</span> 
     </span>
     <span class='ocr_line' id='line_1_48' title="bbox 232 2619 847 2662; baseline -0.005 -9"><span class='ocrx_word' id='word_1_246' title='bbox 232 2622 351 2653; x_wconf 90' lang='lat' dir='ltr'>LXXI.</span> <span class='ocrx_word' id='word_1_247' title='bbox 376 2621 556 2652; x_wconf 85' lang='lat' dir='ltr'>Bonifatius</span> <span class='ocrx_word' id='word_1_248' title='bbox 581 2621 710 2659; x_wconf 81' lang='lat' dir='ltr'>(-facius</span> <span class='ocrx_word' id='word_1_249' title='bbox 728 2620 772 2659; x_wconf 84' lang='lat' dir='ltr'>P)</span> <span class='ocrx_word' id='word_1_250' title='bbox 799 2619 847 2662; x_wconf 82' lang='lat' dir='ltr'>[V]</span> 
     </span>
     <span class='ocr_line' id='line_1_49' title="bbox 213 2673 536 2705; baseline -0.006 0"><span class='ocrx_word' id='word_1_251' title='bbox 213 2673 349 2705; x_wconf 81' lang='lat' dir='ltr'>LXXII.</span> <span class='ocrx_word' id='word_1_252' title='bbox 375 2673 536 2703; x_wconf 82' lang='lat' dir='ltr'>Honorius</span> 
     </span>
     <span class='ocr_line' id='line_1_50' title="bbox 197 2724 548 2756; baseline -0.006 0"><span class='ocrx_word' id='word_1_253' title='bbox 197 2725 350 2756; x_wconf 87' lang='lat' dir='ltr'>LXXIII.</span> <span class='ocrx_word' id='word_1_254' title='bbox 377 2724 548 2755; x_wconf 83' lang='lat' dir='ltr'>Severinus</span> 
     </span>
     <span class='ocr_line' id='line_1_51' title="bbox 179 2773 644 2817; baseline -0.006 -9"><span class='ocrx_word' id='word_1_255' title='bbox 179 2776 350 2808; x_wconf 88' lang='lat' dir='ltr'>LXXIIII.</span> <span class='ocrx_word' id='word_1_256' title='bbox 374 2776 534 2807; x_wconf 86' lang='lat' dir='ltr'>Iohannes</span> <span class='ocrx_word' id='word_1_257' title='bbox 558 2773 644 2817; x_wconf 77' lang='lat' dir='ltr'>[IIII]</span> 
     </span>
    </p>
   </div>
   <div class='ocr_carea' id='block_1_6' title="bbox 199 2055 353 2499">
    <p class='ocr_par' dir='ltr' id='par_1_7' title="bbox 199 2055 353 2499">
     <span class='ocr_line' id='line_1_52' title="bbox 233 2055 350 2086; baseline 0 0"><span class='ocrx_word' id='word_1_258' title='bbox 233 2055 350 2086; x_wconf 87' lang='lat' dir='ltr'>LVIII.</span> 
     </span>
     <span class='ocr_line' id='line_1_53' title="bbox 215 2107 351 2138; baseline 0.007 -1"><span class='ocrx_word' id='word_1_259' title='bbox 215 2107 351 2138; x_wconf 87' lang='lat' dir='ltr'>LVIIII.</span> 
     </span>
     <span class='ocr_line' id='line_1_54' title="bbox 249 2158 353 2189; baseline -0.01 0"><span class='ocrx_word' id='word_1_260' title='bbox 249 2158 353 2189; x_wconf 84' lang='lat' dir='ltr'>LXII.</span> 
     </span>
     <span class='ocr_line' id='line_1_55' title="bbox 229 2210 350 2241; baseline 0 -1"><span class='ocrx_word' id='word_1_261' title='bbox 229 2210 350 2241; x_wconf 92' lang='lat' dir='ltr'>LXIII.</span> 
     </span>
     <span class='ocr_line' id='line_1_56' title="bbox 214 2261 352 2292; baseline -0.007 0"><span class='ocrx_word' id='word_1_262' title='bbox 214 2261 352 2292; x_wconf 92' lang='lat' dir='ltr'>LXIIII.</span> 
     </span>
     <span class='ocr_line' id='line_1_57' title="bbox 250 2313 352 2344; baseline 0.01 -1"><span class='ocrx_word' id='word_1_263' title='bbox 250 2313 352 2344; x_wconf 86' lang='lat' dir='ltr'>LXV.</span> 
     </span>
     <span class='ocr_line' id='line_1_58' title="bbox 234 2364 351 2395; baseline 0 -1"><span class='ocrx_word' id='word_1_264' title='bbox 234 2364 351 2395; x_wconf 86' lang='lat' dir='ltr'>LXVI.</span> 
     </span>
     <span class='ocr_line' id='line_1_59' title="bbox 217 2417 352 2448; baseline -0.007 -1"><span class='ocrx_word' id='word_1_265' title='bbox 217 2417 352 2448; x_wconf 87' lang='lat' dir='ltr'>LXVII.</span> 
     </span>
     <span class='ocr_line' id='line_1_60' title="bbox 199 2468 352 2499; baseline -0.007 0"><span class='ocrx_word' id='word_1_266' title='bbox 199 2468 352 2499; x_wconf 92' lang='lat' dir='ltr'>LXVIII.</span> 
     </span>
    </p>
   </div>
   <div class='ocr_carea' id='block_1_7' title="bbox 1000 764 1756 2429">
    <p class='ocr_par' dir='ltr' id='par_1_8' title="bbox 1000 764 1756 2429">
     <span class='ocr_line' id='line_1_61' title="bbox 1047 764 1396 796; baseline -0.003 0"><span class='ocrx_word' id='word_1_267' title='bbox 1047 765 1181 796; x_wconf 84' lang='lat' dir='ltr'>LXXV.</span> <span class='ocrx_word' id='word_1_268' title='bbox 1206 764 1396 795; x_wconf 84' lang='lat' dir='ltr'>Theodorus</span> 
     </span>
     <span class='ocr_line' id='line_1_62' title="bbox 1046 815 1464 858; baseline -0.005 -10"><span class='ocrx_word' id='word_1_269' title='bbox 1046 817 1215 848; x_wconf 77' lang='lat' dir='ltr'>LXXVII.</span> <span class='ocrx_word' id='word_1_270' title='bbox 1240 816 1404 857; x_wconf 85' lang='lat' dir='ltr'>Eugenius</span> <span class='ocrx_word' id='word_1_271' title='bbox 1429 815 1464 858; x_wconf 91' lang='grc' dir='ltr'>[Ι]</span> 
     </span>
     <span class='ocr_line' id='line_1_63' title="bbox 1044 868 1437 900; baseline -0.005 0"><span class='ocrx_word' id='word_1_272' title='bbox 1044 868 1232 900; x_wconf 82' lang='lat' dir='ltr'>LXXVIII.</span> <span class='ocrx_word' id='word_1_273' title='bbox 1256 868 1437 898; x_wconf 83' lang='lat' dir='ltr'>Vitalianus</span> 
     </span>
     <span class='ocr_line' id='line_1_64' title="bbox 1047 919 1467 951; baseline -0.002 0"><span class='ocrx_word' id='word_1_274' title='bbox 1047 919 1252 951; x_wconf 86' lang='lat' dir='ltr'>LXXVIIII.</span> <span class='ocrx_word' id='word_1_275' title='bbox 1276 919 1467 950; x_wconf 84' lang='lat' dir='ltr'>Adeodatus</span> 
     </span>
     <span class='ocr_line' id='line_1_65' title="bbox 1047 971 1320 1003; baseline -0.004 0"><span class='ocrx_word' id='word_1_276' title='bbox 1047 971 1182 1003; x_wconf 88' lang='lat' dir='ltr'>LXXX.</span> <span class='ocrx_word' id='word_1_277' title='bbox 1207 971 1320 1002; x_wconf 90' lang='lat' dir='ltr'>Donus</span> 
     </span>
     <span class='ocr_line' id='line_1_66' title="bbox 1044 1023 1352 1064; baseline -0.006 -9"><span class='ocrx_word' id='word_1_278' title='bbox 1044 1023 1197 1055; x_wconf 83' lang='lat' dir='ltr'>LXXXI.</span> <span class='ocrx_word' id='word_1_279' title='bbox 1222 1023 1352 1064; x_wconf 84' lang='lat' dir='ltr'>Agatho</span> 
     </span>
     <span class='ocr_line' id='line_1_67' title="bbox 1043 1073 1384 1116; baseline -0.006 -10"><span class='ocrx_word' id='word_1_280' title='bbox 1043 1075 1214 1106; x_wconf 86' lang='lat' dir='ltr'>LXXXII.</span> <span class='ocrx_word' id='word_1_281' title='bbox 1239 1074 1307 1105; x_wconf 88' lang='lat' dir='ltr'>Leo</span> <span class='ocrx_word' id='word_1_282' title='bbox 1333 1073 1384 1116; x_wconf 84' lang='lat' dir='ltr'>[II]</span> 
     </span>
     <span class='ocr_line' id='line_1_68' title="bbox 1045 1124 1530 1168; baseline -0.004 -10"><span class='ocrx_word' id='word_1_283' title='bbox 1045 1127 1233 1158; x_wconf 87' lang='lat' dir='ltr'>LXXXIII.</span> <span class='ocrx_word' id='word_1_284' title='bbox 1259 1125 1454 1157; x_wconf 83' lang='lat' dir='ltr'>Benedictus</span> <span class='ocrx_word' id='word_1_285' title='bbox 1479 1124 1530 1168; x_wconf 89' lang='grc' dir='ltr'>[ΙΙ]</span> 
     </span>
     <span class='ocr_line' id='line_1_69' title="bbox 1043 1176 1506 1219; baseline -0.006 -9"><span class='ocrx_word' id='word_1_286' title='bbox 1043 1178 1249 1210; x_wconf 88' lang='lat' dir='ltr'>LXXXIIII.</span> <span class='ocrx_word' id='word_1_287' title='bbox 1274 1177 1432 1208; x_wconf 81' lang='lat' dir='ltr'>Iohannes</span> <span class='ocrx_word' id='word_1_288' title='bbox 1457 1176 1506 1219; x_wconf 82' lang='lat' dir='ltr'>[V]</span> 
     </span>
     <span class='ocr_line' id='line_1_70' title="bbox 1044 1228 1568 1269; baseline -0.004 -8"><span class='ocrx_word' id='word_1_289' title='bbox 1044 1230 1212 1261; x_wconf 82' lang='lat' dir='ltr'>LXXXV.</span> <span class='ocrx_word' id='word_1_290' title='bbox 1237 1229 1349 1260; x_wconf 77' lang='lat' dir='ltr'>Conon</span> <span class='ocrx_word' id='word_1_291' title='bbox 1374 1234 1491 1269; x_wconf 83' lang='lat' dir='ltr'>(cunon</span> <span class='ocrx_word' id='word_1_292' title='bbox 1508 1228 1568 1269; x_wconf 70' lang='lat' dir='ltr'>Pp)</span> 
     </span>
     <span class='ocr_line' id='line_1_71' title="bbox 1045 1279 1443 1322; baseline -0.005 -9"><span class='ocrx_word' id='word_1_293' title='bbox 1045 1281 1230 1313; x_wconf 80' lang='lat' dir='ltr'>LXXXVI.</span> <span class='ocrx_word' id='word_1_294' title='bbox 1254 1280 1384 1322; x_wconf 80' lang='lat' dir='ltr'>Sergius</span> <span class='ocrx_word' id='word_1_295' title='bbox 1409 1279 1443 1322; x_wconf 93' lang='grc' dir='ltr'>[Ι]</span> 
     </span>
     <span class='ocr_line' id='line_1_72' title="bbox 1043 1331 1517 1374; baseline -0.004 -10"><span class='ocrx_word' id='word_1_296' title='bbox 1043 1332 1242 1364; x_wconf 87' lang='lat' dir='ltr'>LXXXVII.</span> <span class='ocrx_word' id='word_1_297' title='bbox 1266 1332 1426 1363; x_wconf 90' lang='lat' dir='ltr'>Iohannes</span> <span class='ocrx_word' id='word_1_298' title='bbox 1451 1331 1517 1374; x_wconf 72' lang='lat' dir='ltr'>[VI]</span> 
     </span>
     <span class='ocr_line' id='line_1_73' title="bbox 1044 1383 1558 1426; baseline -0.002 -11"><span class='ocrx_word' id='word_1_299' title='bbox 1044 1384 1264 1415; x_wconf 86' lang='lat' dir='ltr'>LXXXVIII.</span> <span class='ocrx_word' id='word_1_300' title='bbox 1289 1384 1449 1415; x_wconf 84' lang='lat' dir='ltr'>Iohannes</span> <span class='ocrx_word' id='word_1_301' title='bbox 1474 1383 1558 1426; x_wconf 81' lang='lat' dir='ltr'>[VII]</span> 
     </span>
     <span class='ocr_line' id='line_1_74' title="bbox 1044 1435 1462 1467; baseline -0.002 0"><span class='ocrx_word' id='word_1_302' title='bbox 1044 1436 1281 1467; x_wconf 88' lang='lat' dir='ltr'>LXXXVIIII.</span> <span class='ocrx_word' id='word_1_303' title='bbox 1308 1435 1462 1466; x_wconf 81' lang='lat' dir='ltr'>Sisinnius</span> 
     </span>
     <span class='ocr_line' id='line_1_75' title="bbox 1113 1487 1435 1520; baseline -0.006 -1"><span class='ocrx_word' id='word_1_304' title='bbox 1113 1487 1182 1520; x_wconf 83' lang='lat' dir='ltr'>XC.</span> <span class='ocrx_word' id='word_1_305' title='bbox 1208 1487 1435 1518; x_wconf 81' lang='lat' dir='ltr'>Constantinus</span> 
     </span>
     <span class='ocr_line' id='line_1_76' title="bbox 1097 1537 1460 1581; baseline -0.006 -10"><span class='ocrx_word' id='word_1_306' title='bbox 1097 1539 1182 1571; x_wconf 77' lang='lat' dir='ltr'>XCI.</span> <span class='ocrx_word' id='word_1_307' title='bbox 1209 1539 1384 1580; x_wconf 82' lang='lat' dir='ltr'>Gregorius</span> <span class='ocrx_word' id='word_1_308' title='bbox 1409 1537 1460 1581; x_wconf 85' lang='lat' dir='ltr'>[H]</span> 
     </span>
     <span class='ocr_line' id='line_1_77' title="bbox 1075 1589 1684 1632; baseline -0.003 -10"><span class='ocrx_word' id='word_1_309' title='bbox 1075 1591 1180 1622; x_wconf 86' lang='lat' dir='ltr'>XCII.</span> <span class='ocrx_word' id='word_1_310' title='bbox 1206 1591 1294 1632; x_wconf 81' lang='lat' dir='ltr'>(xciii</span> <span class='ocrx_word' id='word_1_311' title='bbox 1311 1590 1390 1631; x_wconf 73' lang='lat' dir='ltr'>Elp)</span> <span class='ocrx_word' id='word_1_312' title='bbox 1416 1590 1590 1631; x_wconf 78' lang='lat' dir='ltr'>Gregorius</span> <span class='ocrx_word' id='word_1_313' title='bbox 1616 1589 1684 1632; x_wconf 90' lang='grc' dir='ltr'>[ΙΙΙ]</span> 
     </span>
     <span class='ocr_line' id='line_1_78' title="bbox 1064 1642 1378 1675; baseline -0.01 0"><span class='ocrx_word' id='word_1_314' title='bbox 1064 1643 1182 1675; x_wconf 71' lang='lat' dir='ltr'>XCIII.</span> <span class='ocrx_word' id='word_1_315' title='bbox 1207 1642 1378 1673; x_wconf 80' lang='lat' dir='ltr'>Zacharias</span> 
     </span>
     <span class='ocr_line' id='line_1_79' title="bbox 1001 1710 1645 1754; baseline -0.005 -11"><span class='ocrx_word' id='word_1_316' title='bbox 1001 1711 1051 1754; x_wconf 86' lang='grc' dir='ltr'>[Β]</span> <span class='ocrx_word' id='word_1_317' title='bbox 1077 1712 1108 1742; x_wconf 90' lang='lat' dir='ltr'>in</span> <span class='ocrx_word' id='word_1_318' title='bbox 1133 1711 1298 1752; x_wconf 72' lang='lat' dir='ltr'>cymiterio</span> <span class='ocrx_word' id='word_1_319' title='bbox 1323 1710 1435 1741; x_wconf 74' lang='lat' dir='ltr'>Oalisti</span> <span class='ocrx_word' id='word_1_320' title='bbox 1459 1710 1581 1750; x_wconf 74' lang='lat' dir='ltr'>(calixti</span> <span class='ocrx_word' id='word_1_321' title='bbox 1598 1710 1645 1749; x_wconf 82' lang='lat' dir='ltr'>E)</span> 
     </span>
     <span class='ocr_line' id='line_1_80' title="bbox 1120 1770 1448 1807; baseline -0.003 -5"><span class='ocrx_word' id='word_1_322' title='bbox 1120 1771 1178 1802; x_wconf 89' lang='lat' dir='ltr'>XI.</span> <span class='ocrx_word' id='word_1_323' title='bbox 1203 1772 1277 1807; x_wconf 72' lang='lat' dir='ltr'>(sic)</span> <span class='ocrx_word' id='word_1_324' title='bbox 1302 1770 1448 1802; x_wconf 83' lang='lat' dir='ltr'>Anicitus</span> 
     </span>
     <span class='ocr_line' id='line_1_81' title="bbox 1090 1821 1510 1862; baseline -0.005 -8"><span class='ocrx_word' id='word_1_325' title='bbox 1090 1823 1181 1854; x_wconf 91' lang='lat' dir='ltr'>XIII.</span> <span class='ocrx_word' id='word_1_326' title='bbox 1207 1822 1301 1853; x_wconf 83' lang='lat' dir='ltr'>Soter</span> <span class='ocrx_word' id='word_1_327' title='bbox 1326 1823 1449 1862; x_wconf 75' lang='lat' dir='ltr'>(sother</span> <span class='ocrx_word' id='word_1_328' title='bbox 1464 1821 1510 1861; x_wconf 79' lang='lat' dir='ltr'>P)</span> 
     </span>
     <span class='ocr_line' id='line_1_82' title="bbox 1092 1874 1638 1914; baseline -0.002 -9"><span class='ocrx_word' id='word_1_329' title='bbox 1092 1875 1181 1905; x_wconf 89' lang='lat' dir='ltr'>XVI.</span> <span class='ocrx_word' id='word_1_330' title='bbox 1206 1874 1372 1905; x_wconf 85' lang='lat' dir='ltr'>Zeferiuus</span> <span class='ocrx_word' id='word_1_331' title='bbox 1396 1874 1576 1914; x_wconf 77' lang='lat' dir='ltr'>(seuerinus</span> <span class='ocrx_word' id='word_1_332' title='bbox 1594 1874 1638 1908; x_wconf 81' lang='lat' dir='ltr'>Pl</span> 
     </span>
     <span class='ocr_line' id='line_1_83' title="bbox 1038 1925 1466 1965; baseline -0.005 -8"><span class='ocrx_word' id='word_1_333' title='bbox 1038 1926 1179 1958; x_wconf 82' lang='lat' dir='ltr'>XVIIII.</span> <span class='ocrx_word' id='word_1_334' title='bbox 1204 1926 1278 1965; x_wconf 72' lang='lat' dir='ltr'>(sic)</span> <span class='ocrx_word' id='word_1_335' title='bbox 1303 1925 1466 1956; x_wconf 85' lang='lat' dir='ltr'>Antheros</span> 
     </span>
     <span class='ocr_line' id='line_1_84' title="bbox 1106 1977 1756 2018; baseline -0.002 -10"><span class='ocrx_word' id='word_1_336' title='bbox 1106 1978 1180 2008; x_wconf 92' lang='lat' dir='ltr'>XX.</span> <span class='ocrx_word' id='word_1_337' title='bbox 1205 1977 1280 2015; x_wconf 67' lang='lat' dir='ltr'>(sie)</span> <span class='ocrx_word' id='word_1_338' title='bbox 1305 1977 1479 2008; x_wconf 81' lang='lat' dir='ltr'>Pontianus</span> <span class='ocrx_word' id='word_1_339' title='bbox 1504 1977 1693 2018; x_wconf 82' lang='lat' dir='ltr'>(poneianus</span> <span class='ocrx_word' id='word_1_340' title='bbox 1710 1977 1756 2010; x_wconf 85' lang='lat' dir='ltr'>Pl</span> 
     </span>
     <span class='ocr_line' id='line_1_85' title="bbox 1089 2028 1366 2060; baseline -0.004 0"><span class='ocrx_word' id='word_1_341' title='bbox 1089 2029 1179 2060; x_wconf 86' lang='lat' dir='ltr'>XXI.</span> <span class='ocrx_word' id='word_1_342' title='bbox 1204 2028 1366 2059; x_wconf 83' lang='lat' dir='ltr'>Fabianus</span> 
     </span>
     <span class='ocr_line' id='line_1_86' title="bbox 1054 2080 1321 2112; baseline -0.007 0"><span class='ocrx_word' id='word_1_343' title='bbox 1054 2081 1178 2112; x_wconf 88' lang='lat' dir='ltr'>XXIII.</span> <span class='ocrx_word' id='word_1_344' title='bbox 1203 2080 1321 2111; x_wconf 89' lang='lat' dir='ltr'>Lucius</span> 
     </span>
     <span class='ocr_line' id='line_1_87' title="bbox 1034 2131 1741 2174; baseline -0.001 -10"><span class='ocrx_word' id='word_1_345' title='bbox 1034 2133 1176 2164; x_wconf 92' lang='lat' dir='ltr'>XXIIII.</span> <span class='ocrx_word' id='word_1_346' title='bbox 1202 2131 1384 2173; x_wconf 82' lang='lat' dir='ltr'>Stephanus</span> <span class='ocrx_word' id='word_1_347' title='bbox 1410 2131 1443 2173; x_wconf 87' lang='grc' dir='ltr'>[Ι]</span> <span class='ocrx_word' id='word_1_348' title='bbox 1469 2132 1680 2174; x_wconf 82' lang='lat' dir='ltr'>(sthephanus</span> <span class='ocrx_word' id='word_1_349' title='bbox 1701 2132 1741 2169; x_wconf 81' lang='grc' dir='ltr'>Ρ)</span> 
     </span>
     <span class='ocr_line' id='line_1_88' title="bbox 1070 2182 1397 2225; baseline 0 -11"><span class='ocrx_word' id='word_1_350' title='bbox 1070 2183 1176 2214; x_wconf 89' lang='lat' dir='ltr'>XXV.</span> <span class='ocrx_word' id='word_1_351' title='bbox 1202 2184 1321 2225; x_wconf 77' lang='lat' dir='ltr'>Syxtus</span> <span class='ocrx_word' id='word_1_352' title='bbox 1346 2182 1397 2225; x_wconf 90' lang='grc' dir='ltr'>[ΙΙ]</span> 
     </span>
     <span class='ocr_line' id='line_1_89' title="bbox 1017 2235 1706 2276; baseline 0.001 -10"><span class='ocrx_word' id='word_1_353' title='bbox 1017 2235 1175 2266; x_wconf 88' lang='lat' dir='ltr'>XXVIII.</span> <span class='ocrx_word' id='word_1_354' title='bbox 1200 2235 1393 2266; x_wconf 82' lang='lat' dir='ltr'>Euticeanus</span> <span class='ocrx_word' id='word_1_355' title='bbox 1418 2235 1641 2276; x_wconf 79' lang='lat' dir='ltr'>(euthieeanus</span> <span class='ocrx_word' id='word_1_356' title='bbox 1658 2236 1706 2268; x_wconf 73' lang='grc' dir='ltr'>Ε)</span> 
     </span>
     <span class='ocr_line' id='line_1_90' title="bbox 1000 2286 1298 2318; baseline -0.007 0"><span class='ocrx_word' id='word_1_357' title='bbox 1000 2287 1174 2318; x_wconf 80' lang='lat' dir='ltr'>XXVIIII.</span> <span class='ocrx_word' id='word_1_358' title='bbox 1199 2286 1298 2317; x_wconf 84' lang='lat' dir='ltr'>Gaius</span> 
     </span>
     <span class='ocr_line' id='line_1_91' title="bbox 1035 2337 1359 2370; baseline -0.003 -1"><span class='ocrx_word' id='word_1_359' title='bbox 1035 2339 1176 2370; x_wconf 86' lang='lat' dir='ltr'>XXXII.</span> <span class='ocrx_word' id='word_1_360' title='bbox 1201 2337 1359 2368; x_wconf 81' lang='lat' dir='ltr'>Eusebius</span> 
     </span>
     <span class='ocr_line' id='line_1_92' title="bbox 1017 2389 1648 2429; baseline -0.003 -8"><span class='ocrx_word' id='word_1_361' title='bbox 1017 2390 1175 2421; x_wconf 88' lang='lat' dir='ltr'>XXXIII.</span> <span class='ocrx_word' id='word_1_362' title='bbox 1200 2389 1370 2420; x_wconf 80' lang='lat' dir='ltr'>Meltiades</span> <span class='ocrx_word' id='word_1_363' title='bbox 1394 2389 1582 2429; x_wconf 80' lang='lat' dir='ltr'>(melciades</span> <span class='ocrx_word' id='word_1_364' title='bbox 1600 2389 1648 2423; x_wconf 86' lang='lat' dir='ltr'>Pl</span> 
     </span>
    </p>
   </div>
   <div class='ocr_carea' id='block_1_8' title="bbox 995 2457 1775 2816">
    <p class='ocr_par' dir='ltr' id='par_1_9' title="bbox 995 2457 1775 2609">
     <span class='ocr_line' id='line_1_93' title="bbox 995 2457 1705 2501; baseline 0.001 -14"><span class='ocrx_word' id='word_1_365' title='bbox 995 2458 1045 2501; x_wconf 75' lang='lat' dir='ltr'>[C]</span> <span class='ocrx_word' id='word_1_366' title='bbox 1071 2460 1101 2489; x_wconf 91' lang='lat' dir='ltr'>in</span> <span class='ocrx_word' id='word_1_367' title='bbox 1126 2458 1290 2500; x_wconf 75' lang='lat' dir='ltr'>cymiterio</span> <span class='ocrx_word' id='word_1_368' title='bbox 1315 2457 1481 2488; x_wconf 75' lang='lat' dir='ltr'>Priscillae</span> <span class='ocrx_word' id='word_1_369' title='bbox 1507 2458 1557 2487; x_wconf 79' lang='lat' dir='ltr'>via</span> <span class='ocrx_word' id='word_1_370' title='bbox 1581 2458 1705 2488; x_wconf 77' lang='lat' dir='ltr'>Salaria</span> 
     </span>
     <span class='ocr_line' id='line_1_94' title="bbox 1071 2517 1775 2557; baseline 0 -8"><span class='ocrx_word' id='word_1_371' title='bbox 1071 2518 1177 2549; x_wconf 89' lang='lat' dir='ltr'>XXX.</span> <span class='ocrx_word' id='word_1_372' title='bbox 1202 2519 1276 2557; x_wconf 70' lang='lat' dir='ltr'>(sic)</span> <span class='ocrx_word' id='word_1_373' title='bbox 1300 2517 1503 2548; x_wconf 84' lang='lat' dir='ltr'>Marcellinus</span> <span class='ocrx_word' id='word_1_374' title='bbox 1528 2518 1711 2557; x_wconf 76' lang='lat' dir='ltr'>(marcellus</span> <span class='ocrx_word' id='word_1_375' title='bbox 1731 2518 1775 2549; x_wconf 86' lang='lat' dir='ltr'>Pl</span> 
     </span>
     <span class='ocr_line' id='line_1_95' title="bbox 1052 2569 1773 2609; baseline 0 -9"><span class='ocrx_word' id='word_1_376' title='bbox 1052 2569 1176 2600; x_wconf 84' lang='lat' dir='ltr'>XXXI.</span> <span class='ocrx_word' id='word_1_377' title='bbox 1202 2570 1276 2607; x_wconf 74' lang='lat' dir='ltr'>(sic)</span> <span class='ocrx_word' id='word_1_378' title='bbox 1300 2569 1470 2600; x_wconf 72' lang='lat' dir='ltr'>Marcellus</span> <span class='ocrx_word' id='word_1_379' title='bbox 1495 2570 1710 2609; x_wconf 84' lang='lat' dir='ltr'>(marcellinus</span> <span class='ocrx_word' id='word_1_380' title='bbox 1728 2570 1773 2609; x_wconf 89' lang='grc' dir='ltr'>Ρ)</span> 
     </span>
    </p>

    <p class='ocr_par' dir='ltr' id='par_1_10' title="bbox 997 2614 1708 2661">
     <span class='ocr_line' id='line_1_96' title="bbox 997 2614 1708 2661; baseline 0 -10"><span class='ocrx_word' id='word_1_381' title='bbox 997 2620 1172 2652; x_wconf 89' lang='lat' dir='ltr'>XXXIIII.</span> <span class='ocrx_word' id='word_1_382' title='bbox 1197 2620 1352 2651; x_wconf 82' lang='lat' dir='ltr'>Silvester</span> <span class='ocrx_word' id='word_1_383' title='bbox 1375 2614 1475 2661; x_wconf 48' lang='lat' dir='ltr'>(sssf,</span> <span class='ocrx_word' id='word_1_384' title='bbox 1500 2631 1562 2651; x_wconf 75' lang='lat' dir='ltr'>non</span> <span class='ocrx_word' id='word_1_385' title='bbox 1586 2621 1643 2651; x_wconf 70' lang='lat' dir='ltr'>sihi</span> <span class='ocrx_word' id='word_1_386' title='bbox 1660 2621 1708 2660; x_wconf 77' lang='lat' dir='ltr'>E)</span> 
     </span>
    </p>

    <p class='ocr_par' dir='ltr' id='par_1_11' title="bbox 1075 2672 1656 2816">
     <span class='ocr_line' id='line_1_97' title="bbox 1104 2672 1328 2703; baseline 0 -1"><span class='ocrx_word' id='word_1_387' title='bbox 1104 2672 1174 2703; x_wconf 89' lang='lat' dir='ltr'>XL.</span> <span class='ocrx_word' id='word_1_388' title='bbox 1199 2672 1328 2702; x_wconf 83' lang='lat' dir='ltr'>Siricius</span> 
     </span>
     <span class='ocr_line' id='line_1_98' title="bbox 1075 2723 1656 2766; baseline 0.003 -13"><span class='ocrx_word' id='word_1_389' title='bbox 1075 2723 1178 2755; x_wconf 87' lang='lat' dir='ltr'>XLV.</span> <span class='ocrx_word' id='word_1_390' title='bbox 1203 2723 1384 2754; x_wconf 85' lang='lat' dir='ltr'>Celestinus</span> <span class='ocrx_word' id='word_1_391' title='bbox 1409 2724 1595 2765; x_wconf 80' lang='lat' dir='ltr'>(calestinus</span> <span class='ocrx_word' id='word_1_392' title='bbox 1612 2725 1656 2766; x_wconf 79' lang='lat' dir='ltr'>P)</span> 
     </span>
     <span class='ocr_line' id='line_1_99' title="bbox 1088 2774 1336 2816; baseline 0.004 -11"><span class='ocrx_word' id='word_1_393' title='bbox 1088 2774 1175 2806; x_wconf 88' lang='lat' dir='ltr'>LXI.</span> <span class='ocrx_word' id='word_1_394' title='bbox 1200 2775 1336 2816; x_wconf 84' lang='lat' dir='ltr'>Vigilius</span> 
     </span>
    </p>
   </div>
  </div>
 </body>
</html>
