2245 3213
449 239 487 268 24
492 239 510 265 0

736 321 792 347 ΖΓΕ
792 321 816 347 L
822 321 899 347 ICJA
904 321 959 346 NA

448 373 509 404 IIic
535 374 609 404 fecit
634 373 853 404 ordinationes
878 372 910 403 II

448 444 505 475 per
529 444 628 465 mens,
653 433 820 465 Decemb..

449 493 555 535 presb.
572 493 650 528 IIII.
676 493 755 524 diac.
780 493 856 527 ΙΙΙΙ,
882 494 1050 535 episcopos
1084 504 1143 535 per
1177 494 1245 525 loca

451 544 526 576 VII.
573 544 632 580 Qui
663 545 758 576 ctiam
789 546 932 587 sepultus
963 549 1011 576 est
1041 546 1071 576 in
1103 546 1247 576 cimitirio

449 596 587 634 Calosti,
618 597 669 628 via
697 597 814 639 Appia.
868 597 1014 629 Cessavit
1044 597 1247 640 episcopatus

448 647 516 679 dics
540 648 647 679 XXX.

491 752 588 774 xxuu.
613 742 807 776 STffl‘uAst.
841 744 970 775 natione
1001 743 1180 781 Romanus,
1205 754 1246 774 cx

447 798 538 835 patre
557 795 658 829 Iobio.
683 795 765 826 sedit
784 806 855 827 ann.
874 795 920 826 VI
943 795 1087 827 mensv
1112 795 1180 826 dies
1204 795 1246 826 II.

447 846 599 888 Martyrio
623 852 800 879 coronatur.
847 847 921 878 Fuit
945 847 1143 889 temporibus

446 905 611 938 Valeriani
635 912 667 939 et

448 966 605 998 Gallicani
631 970 663 998 et
680 967 812 998 Maximi
829 979 929 1010 usque
948 968 989 999 ad
1005 968 1177 999 Valeriano
1197 967 1246 997 III

448 1023 480 1049 et
504 1018 672 1050 Gallicano
696 1019 738 1051 II.
790 1019 852 1051 Hic
876 1020 1038 1051 constituit
1062 1019 1246 1050 sacerdotes

448 1074 480 1100 et
504 1071 616 1101 levitas
644 1074 679 1102 ut
702 1075 808 1103 vestes
833 1075 973 1103 sacratas
996 1072 1028 1102 in
1051 1082 1142 1102 usum
1168 1071 1245 1102 coti-

447 1121 576 1153 dianum
600 1133 663 1153 non
687 1123 732 1154 uti
757 1124 815 1154 nisi
838 1124 870 1154 in
894 1124 1038 1155 ecelesia.
1085 1123 1147 1154 Hic
1172 1123 1246 1154 fecit

447 1173 664 1206 ordinationes
688 1175 721 1206 II

447 1245 506 1276 per
529 1245 627 1266 menS.
653 1234 821 1268 Decemb..

447 1295 552 1336 presb.
571 1295 627 1335 YI,
653 1295 733 1327 diac.
755 1296 795 1335 V,
821 1296 988 1337 episcopos
1013 1306 1070 1337 per
1104 1297 1175 1327 loca
1204 1296 1244 1327 II.

448 1347 599 1388 Sepultus
617 1351 665 1378 cst
689 1348 719 1378 in
744 1349 889 1379 cimitirio
908 1348 1037 1387 Calesti,
1056 1348 1107 1378 via
1129 1348 1244 1390 Appia=

448 1398 497 1429 III
521 1410 593 1430 non.
619 1399 703 1441 Aug.
761 1399 908 1431 Cessavit
945 1400 1148 1442 episcopatus
1177 1399 1245 1430 dics

446 1450 554 1482 XXII.

490 1555 560 1576 xxv.
584 1545 725 1584 errvs,
756 1546 885 1577 natione
909 1546 1046 1585 Grecus,
1076 1557 1117 1577 ex
1141 1546 1244 1588 philo-

448 1597 567 1639 sopho,
598 1597 681 1628 sedit
712 1608 784 1628 ann.
802 1598 817 1628 I
846 1608 944 1628 rncns.
960 1597 992 1628 X
1017 1597 1085 1628 dics
1102 1597 1245 1628 XXIIII.

447 1649 602 1691 Martyrio
633 1652 812 1680 coronatur.
863 1649 938 1681 Fuit
965 1650 1163 1692 temporibus
1180 1649 1245 1680 Va-

446 1702 557 1732 leriani

448 1766 480 1791 et
504 1761 604 1792 Decii.
650 1761 801 1792 Truncati
825 1765 897 1792 sunt
920 1762 1024 1803 capite
1055 1772 1126 1792 cum
1150 1762 1246 1793 beato

446 1814 548 1855 Xysto
573 1813 619 1844 VI
654 1813 779 1845 diaconi
810 1813 1044 1849 Felieissimus.
1074 1813 1244 1855 Agapitus,

450 1866 628 1904 Ianuarius.
662 1865 812 1905 Magium.
837 1865 1025 1897 Vincentius
1050 1870 1082 1896 ct
1107 1865 1244 1907 Stepha-
1272 1877 1273 1880 ¹

448 1929 504 1948 uus
527 1918 574 1948 VI
598 1917 639 1949 id.
665 1917 748 1959 Aug.

447 1990 464 2008 a
489 1978 655 2009 consolatu
679 1978 822 2009 Maximo
848 1981 880 2009 ct
904 1977 1064 2009 Gravionc
1087 1978 1119 2009 II
1143 1989 1243 2020 usquc

795 1917 836 1948 Et
864 1918 1035 1959 presbiteri
1059 1918 1245 1959 prefuerunt

447 2039 551 2070 Tusco
577 2042 609 2069 et
632 2038 743 2077 Basso,
769 2039 934 2069 consolatu

447 2098 541 2129 Tusci
573 2107 604 2129 et
635 2099 725 2129 Bassi
755 2109 855 2140 usque
882 2098 963 2129 XIII
990 2099 1031 2130 kl.
1057 2099 1151 2140 Aug..
1182 2110 1243 2140 quo

447 2158 591 2191 tempore
618 2151 673 2181 suit
700 2161 813 2191 magna
838 2151 1019 2191 persecutio
1049 2151 1107 2181 sub
1132 2150 1242 2181 Decio.

449 2202 486 2232 lit
512 2211 581 2243 post
606 2203 788 2243 passionem
806 2202 892 2233 beati
908 2201 1001 2243 Xysti
1018 2206 1089 2244 post
1108 2202 1175 2233 dies
1196 2202 1240 2233 lll

449 2255 531 2295 passi
556 2259 627 2284 sunt
652 2253 843 2284 Laurentius
868 2254 936 2284 eius
960 2253 1201 2285 archidiaconus

447 2370 478 2395 ct
503 2365 654 2396 Claudius
679 2366 817 2396 Severus
843 2365 1002 2407 presbiter
1026 2368 1057 2396 et
1079 2366 1244 2397 Romanus

448 2418 593 2448 ostiarius
618 2425 649 2447 ct
674 2417 877 2448 Urescentius
901 2418 1011 2448 lector.

451 2486 508 2516 llic
534 2487 607 2516 feeit
632 2486 848 2517 ordinationes
865 2485 907 2518 II.
937 2486 1043 2527 presb.
1064 2486 1137 2519 llll.
1163 2486 1242 2517 diac.
1270 2501 1271 2506 =

448 2537 522 2567 Vll.
549 2538 717 2579 episcopos
741 2549 798 2579 per
828 2538 897 2569 loca
923 2537 964 2567 ΙΙ.
1015 2537 1166 2579 Sepultus
1195 2545 1243 2569 est

448 2589 475 2618 in
502 2589 666 2629 cymiterio
693 2590 822 2627 Calesti,
847 2590 897 2620 via
921 2589 1044 2630 Appia:

447 2660 518 2679 uam
536 2649 578 2678 Vl
607 2649 730 2680 diaconi
761 2650 830 2680 eius
858 2650 887 2680 in
920 2650 1076 2691 cymitirio
1106 2649 1241 2681 Pretex—

448 2700 513 2730 tati.
539 2701 587 2730 via
606 2700 721 2742 Appia.
750 2701 829 2732 VlII
851 2701 892 2732 id.
911 2701 1009 2743 Aug.;
1034 2701 1149 2732 beatus
1167 2713 1242 2733 vero

450 2751 639 2782 Laurentius
674 2753 817 2794 sepultus
850 2756 898 2783 est
930 2753 981 2783 via
1011 2753 1177 2784 Tiburtina
1212 2754 1242 2784 in

448 2803 557 2843 cripta,
583 2804 612 2833 in
637 2814 714 2843 agro
732 2804 872 2835 Verane.
898 2804 965 2835 IIII
989 2804 1030 2835 id.
1055 2805 1139 2846 Aug.

448 2861 487 2892 Et
512 2863 647 2893 cessavit
672 2864 876 2905 episcopatus
900 2874 971 2895 ann.
990 2864 1030 2895 ΙΙ.

1168 233 1384 260 ΕΙἸΤΟΜΑΕ

1272 322 1274 356 3
1587 317 1819 345 GONONIANA

1273 359 1274 406 i
1300 372 1392 403 Fecit
1415 371 1631 403 ordinationes
1655 370 1698 404 II.

1274 521 1275 535 ¹
1302 493 1406 535 presb.
1424 493 1503 533 IIII,
1529 492 1608 524 diac.
1626 491 1702 531 IIII,
1727 493 1893 534 episcopos
1910 490 1984 521 VII.
2039 489 2097 521 Sc-

1302 545 1473 586 pultusque
1505 548 1552 575 est
1581 545 1611 575 in
1642 544 1795 575 cimiterio
1825 542 1935 574 Calisti
1953 542 2036 572 VIII
2066 541 2097 573 k.

1302 596 1390 638 Sept.
1438 596 1584 627 Cessavit
1608 596 1811 638 episcopatus
1836 594 1904 626 dics
1928 593 2068 625 XXXV.

1344 754 1440 776 xxuu.
1467 743 1662 781 Sremmxvs,
1698 742 1825 772 natione
1856 741 2031 779 Romanus,
2057 750 2099 771 cx

1300 800 1391 838 patre
1428 796 1495 833 Iov⁷
1527 794 1610 826 sedit
1644 805 1694 825 an.
1712 793 1758 824 VI
1793 804 1891 824 mens.
1910 792 1941 823 II
1974 792 2042 823 dics
2057 791 2096 822 V.

1301 849 1454 890 Martyrio
1472 850 1650 879 coronatur.
1685 845 1759 876 Fuit
1776 848 1882 876 autem
1899 844 2097 886 temporibus

1301 970 1457 1001 Gallicani
1481 971 1513 999 et
1537 967 1668 998 Maximi
1698 977 1797 1008 usquc
1828 965 1869 996 ad
1889 965 2096 996 Valerianum

1299 1022 1349 1053 III
1373 1025 1405 1053 et
1429 1021 1595 1053 Gallicano
1618 1019 1660 1050 II.
1715 1018 1777 1049 IIie
1805 1017 1967 1048 constituit
1990 1027 2096 1047 sacer—

1300 1073 1392 1105 dotes
1417 1077 1449 1104 et
1472 1072 1585 1104 levitas
1616 1074 1650 1102 ut
1678 1074 1784 1101 vestes
1813 1072 1953 1100 sacratas
1984 1069 2015 1099 in
2038 1078 2098 1099 usu

1300 1125 1458 1157 cotidiano
1493 1135 1555 1155 non
1589 1123 1635 1154 uti
1674 1122 1731 1153 nisi
1769 1122 1800 1152 in
1832 1121 1976 1152 ecclesia.
2035 1119 2099 1151 Hie

1300 1179 1376 1210 fecit
1403 1176 1619 1209 ordinationes
1642 1174 1685 1214 ΙΙ,

1300 1298 1404 1340 presb.
1423 1297 1480 1335 VI,
1505 1297 1584 1327 diac.
1596 1295 1635 1335 V,
1654 1295 1822 1336 episcopos
1839 1293 1881 1324 II.
1929 1292 2096 1335 Sepultus-

1301 1361 1361 1392 que
1398 1353 1446 1380 cst
1478 1349 1509 1379 in
1548 1347 1702 1379 cimiterio
1739 1346 1868 1384 Calisti⁷
1898 1345 1949 1375 via
1978 1344 2096 1386 Appia,

1299 1402 1366 1433 IIII
1391 1412 1462 1432 non.
1489 1400 1572 1441 Aug.
1619 1398 1765 1429 Oessavit
1793 1398 1997 1440 episcopatus
2028 1396 2096 1427 dies

1299 1453 1407 1484 XXII.

1343 1558 1416 1580 xxv.
1440 1547 1574 1579 erTvs.
1598 1547 1726 1577 natione
1743 1545 1917 1582 Romanus,
1935 1554 1976 1574 ex
1993 1543 2096 1584 philo-

1300 1601 1418 1643 sopho,
1454 1599 1537 1630 sedit
1564 1609 1615 1629 an.
1639 1598 1654 1628 I
1692 1607 1791 1628 mens.
1817 1596 1847 1626 X
1887 1595 1954 1626 dics
1988 1594 2096 1626 XXII.

1300 1653 1453 1694 Mai-tyrio
1478 1653 1657 1682 coronatur.
1703 1649 1777 1680 Fuit
1807 1651 1914 1679 autem
1944 1647 2097 1688 tempori-

1300 1706 1359 1736 bus
1383 1703 1567 1741 Valeriano,

1299 1991 1317 2011 a
1342 1979 1507 2011 consulatu
1533 1977 1664 2008 Maximi
1690 1980 1721 2007 et
1745 1975 1914 2007 Gravionis
1938 1974 1969 2005 II
1994 1985 2094 2016 usque

1299 2100 1393 2131 Tusci
1429 2103 1461 2129 et
1494 2099 1585 2129 Bassi
1619 2108 1718 2139 usquc
1750 2096 1829 2127 Xlll
1857 2096 1887 2127 k.
1912 2096 2007 2137 Aug..
2033 2105 2094 2136 quo

1271 2161 1273 2176 r
1300 2155 1445 2193 tempore
1472 2151 1529 2181 suit
1553 2160 1671 2190 magna
1695 2149 1875 2190 persecutio
1900 2147 1958 2178 sub
1984 2146 2093 2177 Decio.

1271 2204 1340 2234 *Et
1375 2207 1447 2245 post
1482 2202 1662 2243 passionem
1699 2199 1965 2232 eiusde1n·bcati
2000 2197 2093 2238 xysti

1300 2255 1350 2286 die
1379 2255 1440 2285 llll
1466 2265 1578 2295 passus
1601 2258 1650 2284 est
1674 2252 1870 2283 Laurcneius
1900 2251 1967 2281 eius
1991 2249 2092 2281 archi-

1299 2307 1460 2338 diaconus.

1299 2486 1358 2517 Hic
1384 2487 1459 2517 fecit
1483 2485 1699 2517 ordinatitmes
1721 2485 1762 2521 II,
1788 2484 1892 2526 presb.
1910 2483 1986 2521 1111.
2012 2483 2091 2513 diac.

1269 2553 1271 2585 g
1297 2538 1371 2577 VH,
1397 2539 1565 2579 episcopos
1586 2537 1624 2568 ll.
1671 2536 1731 2572 Qui
1756 2537 1851 2567 etiam
1877 2536 2020 2576 sepultus
2045 2537 2092 2564 est

1269 2608 1270 2617 κ
1296 2590 1327 2620 iu
1351 2590 1504 2620 cimiterio
1530 2590 1650 2620 Calisti.
1675 2589 1725 2619 via
1750 2588 1864 2629 Appia.

1268 2790 1270 2827 ἐ

1268 2862 1269 2868 ’
1297 2864 1441 2895 cessavit
1466 2864 1670 2905 episcopatus
1694 2873 1743 2893 an.
1762 2862 1802 2893 II.
