2245 3213
444 211 505 241 248

738 294 814 319 Flam
821 294 872 319 101
874 296 895 319 A
899 294 953 319 NA

443 345 585 377 Rustico.
611 346 693 376 sedit
718 357 788 376 ann.
808 346 870 377 XV
888 357 987 377 inens,
1007 346 1031 377 I.
1070 346 1143 376 Fuit
1161 348 1240 376 tem-

442 397 573 437 poribus
588 397 788 428 Constantini
806 403 837 428 et
851 398 1003 429 Felieiani
1021 401 1053 428 et
1066 397 1240 428 Maximini.
1267 429 1269 445 Ι

442 618 501 649 1Ι10
526 619 601 649 fecit
626 618 843 650 ordinationes
868 619 917 650 ΙΙΙ

440 690 497 720 per
522 689 621 710 mens.
647 678 814 718 Decemb„

439 739 545 780 presb.
563 738 689 774 XVIII,
708 739 788 770 diae.
806 739 883 778 1111.
909 741 1078 782 episcopus
1095 752 1152 782 per
1168 742 1240 772 loca

439 790 547 821 VIIII.
595 789 746 832 Sepultus
772 795 820 822 est

439 851 470 881 in
494 851 545 881 via
569 850 712 889 Aurelia,

439 911 469 941 in
494 911 649 942 cimiterio
676 911 833 953 Calipodi,

439 971 573 1002 miliario
599 972 660 1011 HI,
685 972 766 1014 prid.
791 972 832 1004 id.
858 973 936 1014 Apr.

439 1032 587 1062 Cessavit
611 1033 817 1074 episcopatus
842 1033 910 1065 dies
933 1033 1039 1065 XXV.

484 1127 789 1167 xxxvn.L1ssEmvs,
823 1129 951 1160 natione
985 1129 1165 1170 Romanus.
1199 1142 1240 1162 cx

439 1182 528 1219 patre
566 1178 733 1220 Augusto,
773 1180 856 1210 sedit
891 1181 1028 1212 an11.VI
1066 1193 1165 1213 mens.
1189 1183 1239 1214 ΙΙΙ

438 1229 506 1260 dies
530 1230 607 1261 IIII.
654 1231 730 1262 Fuit
754 1232 952 1273 temporibus
977 1232 1144 1265 Constanti

437 1309 538 1340 usque
562 1299 604 1330 ad
628 1299 817 1331 Constantio
840 1300 925 1343 Aug.
949 1301 1008 1332 ΠΙ.

437 1367 499 1398 IIic
517 1369 614 1399 exilio
632 1368 821 1400 detrudetur
844 1380 863 1400 a
880 1370 1076 1407 Constantio,
1095 1382 1134 1403 co
1152 1373 1239 1414 quod

437 1420 538 1450 noluit
572 1420 686 1451 herese
724 1420 861 1452 Arriana
896 1423 1085 1454 consentire.
1146 1425 1239 1456 Fecit

437 1482 536 1502 annos
560 1472 620 1504 ΙΙΙ.

436 1531 478 1562 Et
508 1543 709 1574 congregans
734 1533 919 1565 sacerdotes
944 1545 978 1566 se
1003 1546 1074 1566 cum
1106 1537 1236 1568 consilio

437 1595 547 1615 eorum
575 1584 723 1615 Liberius
751 1585 978 1617 ordinaverunt
1008 1587 1040 1618 in
1070 1587 1140 1618 loco
1170 1589 1237 1619 eius

436 1636 545 1667 Felice
577 1637 756 1677 presbitero
787 1638 988 1679 episcopum,
1018 1640 1236 1671 venerabilem

436 1688 547 1719 virum.
592 1688 634 1719 Et
658 1689 734 1720 fecit
757 1690 924 1720 concilium
942 1690 1035 1721 Felix
1060 1694 1092 1722 et
1115 1692 1236 1724 invenit

437 1739 516 1770 duos
547 1740 742 1781 presbiteros
776 1742 1012 1773 consentientes
1047 1742 1235 1776 Constantio

435 1790 582 1832 Augusto
607 1791 762 1831 Arriano,
793 1794 921 1825 1101111110
946 1794 1080 1826 Ursacio
1113 1799 1145 1827 et
1168 1797 1234 1828 Va-

436 1844 532 1875 lente.
557 1847 589 1874 et
615 1843 777 1875 damnavit
802 1855 857 1876 eos
881 1846 912 1877 in
936 1847 1069 1878 concilio
1091 1847 1235 1880 XLVIII

436 1896 670 1937 episcoporum.

436 1955 515 1985 Post
549 1966 669 1996 paucos
708 1956 775 1987 dies
811 1958 880 1988 zelo
915 1957 999 1989 ducti
1024 1959 1174 1992 Ursacius
1203 1966 1236 1993 et

441 2007 560 2037 Valens
595 2012 789 2048 rogaverunt
817 2009 1040 2042 Constantium
1070 2012 1169 2054 Aug..
1201 2017 1235 2044 ut

437 2062 601 2089 revocaret
626 2059 755 2090 Liberio
780 2060 820 2091 de
845 2061 956 2101 exilio.
987 2066 1022 2093 ut
1044 2074 1139 2095 unam
1164 2068 1233 2096 tan-

436 2117 502 2140 tum
543 2112 798 2142 communionem
838 2114 1059 2155 participaret,
1096 2120 1234 2158 excepto

438 2162 647 2203 rebaptizare.
695 2163 756 2198 Qui
780 2164 927 2196 Liberius
951 2168 1112 2198 consensit

440 2222 601 2263 preceptis
640 2222 778 2264 Augusti
816 2235 912 2255 unam
956 2227 1234 2269 participationem

437 2274 621 2305 conveniret
646 2276 887 2307 communionis.

437 2334 525 2365 Tune
549 2339 781 2366 revocaverunt
804 2336 970 2368 Liberium
996 2337 1037 2369 de
1062 2338 1169 2369 exilio.

437 2657 558 2688 Eodem
586 2663 730 2701 tempore
757 2662 962 2694 Constantius
992 2675 1054 2695 una
1078 2676 1147 2696 cum
1172 2666 1233 2697 Ur-

436 2710 520 2739 savio
546 2717 576 2740 et
592 2711 728 2743 Valente
754 2721 1013 2746 convocaverunt
1030 2717 1164 2758 aliquos,
1182 2718 1235 2759 qui

436 2774 476 2792 ex
503 2764 570 2793 l'eee
595 2762 732 2794 Arriana
757 2769 858 2804 erant,

436 2839 467 2861 et
493 2832 575 2862 misit
600 2834 631 2860 et

1165 208 1383 233 EPITOMAE

1580 293 1809 320 CONONIANA

1298 345 1445 385 Rustico,
1482 346 1564 377 sedit
1588 357 1637 376 an.
1654 345 1716 377 XV
1741 356 1842 377 mens.
1862 345 1892 375 ΙΙ
1924 345 1992 377 dies
2016 346 2090 377 VII.

1296 397 1370 428 Fuit
1394 400 1502 428 autem
1526 397 1724 440 temporibus
1748 397 1948 429 Constantini
1973 401 2005 429 et
2028 398 2090 430 Fe-

1295 449 1401 479 liciani
1425 451 1458 479 ct
1482 449 1657 480 Maximini.

1294 508 1356 539 Ilic
1380 509 1552 548 constituit,
1576 512 1611 540 ut
1633 509 1737 540 nullus
1759 509 1892 540 clericus
1908 519 2036 540 causam
2061 510 2092 540 in

1293 560 1455 602 publicum
1479 564 1601 602 ageret.

1295 620 1356 651 Hie
1381 621 1457 651 fecit
1481 620 1697 651 ordinationes
1721 619 1783 659 ΙΙΙ,

1294 740 1400 781 presb.
1419 740 1547 780 XVIII,
1584 740 1663 772 diac.
1681 740 1764 780 IIII⁷
1798 741 1966 782 episcopos
1982 740 2090 771 VIIII.

1293 791 1509 834 Sepultusque
1534 795 1583 823 est

1295 912 1327 942 in
1351 912 1506 943 cimiterio
1532 912 1688 954 Calipodi.

1294 1032 1440 1063 Cessavit
1464 1033 1672 1074 episcopatus
1696 1032 1764 1064 dies
1787 1032 1893 1063 XXV.

1335 1137 1453 1159 xxxvii.
1478 1127 1639 1167 Lissmuvs,
1674 1127 1804 1158 natione
1838 1126 2020 1165 Romanus,
2050 1137 2092 1156 ex

1292 1181 1385 1220 patre
1410 1179 1552 1220 Agusto,
1582 1178 1665 1210 sedit
1693 1190 1742 1210 an.
1758 1179 1807 1210 VI
1830 1189 1930 1210 mens.
1947 1177 1997 1208 III
2023 1177 2091 1208 dics

1292 1230 1383 1262 VIII.
1439 1230 1513 1261 Fuit
1544 1234 1652 1262 autem
1681 1230 1879 1273 temporibus
1903 1229 2090 1261 Constantii.

1291 1367 1354 1399 Hic
1374 1368 1470 1399 exilio
1491 1368 1664 1410 deputatur
1687 1379 1706 1398 a
1722 1368 1918 1407 Constantio⁷
1943 1378 1981 1398 eo
2006 1366 2091 1408 quod

1295 1420 1449 1450 noluisset
1469 1419 1594 1450 haeresi
1611 1419 1768 1451 Arrianae
1786 1420 1975 1459 consentire,
2000 1419 2090 1450 fecit-

1292 1482 1353 1513 que
1377 1471 1421 1502 ibi
1450 1481 1549 1502 annos
1574 1471 1633 1502 III.

1293 1531 1382 1563 Tunc
1409 1542 1480 1563 cum
1505 1532 1635 1562 consilio
1659 1531 1862 1563 sacerdotum
1879 1531 2037 1563 ordinavit
2059 1531 2091 1561 in

1291 1583 1361 1614 loco
1391 1594 1447 1614 suo
1476 1583 1619 1614 Felicem
1649 1583 1863 1626 presbiterum
1894 1583 2090 1625 episcopum.

1263 1634 1265 1650 ¹*
1291 1634 1381 1665 Tune
1399 1634 1599 1676 supradictus
1616 1635 1709 1666 Felix
1733 1635 1764 1666 in
1789 1635 1921 1666 concilio
1946 1645 2002 1665 suo
2027 1644 2089 1664 una

1290 1697 1362 1718 cum
1384 1686 1529 1717 XLVIII
1557 1687 1715 1728 episcopis
1746 1686 1979 1718 damnaverunt
2010 1685 2089 1716 duos

1289 1738 1486 1780 presbiteros
1502 1738 1669 1770 Ursacium
1687 1742 1720 1770 et
1735 1738 1919 1777 Valentem,
1944 1749 1982 1769 eo
2003 1737 2088 1779 quod

1290 1790 1507 1821 consentirent
1530 1789 1718 1821 Constantio
1741 1790 1773 1821 in
1796 1790 1911 1821 heresi.

1289 1962 1368 1992 Post
1399 1972 1518 2003 paucos
1553 1962 1621 1993 dies
1654 1963 1723 1994 zelo
1760 1962 1846 1994 ducti
1875 1963 2025 1994 Ursacius
2057 1965 2090 1993 et

1290 2013 1410 2044 Valens
1435 2017 1629 2055 rogaverunt
1653 2014 1840 2045 Constantio
1871 2013 2029 2054 Augusto,
2054 2016 2089 2044 ut

1290 2068 1457 2096 revocaret
1480 2065 1612 2096 Liberio
1643 2065 1682 2096 de
1712 2066 1808 2097 exilio
1839 2069 1872 2096 et
1900 2076 1994 2096 unam
2018 2068 2087 2096 tan—

1290 2119 1357 2147 tum
1396 2117 1652 2148 communionem
1687 2118 1911 2159 participaret,
1950 2120 2087 2158 excepto

1290 2168 1502 2209 rebaptizare.
1550 2168 1612 2205 Qui
1635 2169 1782 2201 Liberius
1806 2169 1975 2201 consensit.

1290 2339 1332 2370 Et
1354 2343 1506 2371 revocato
1532 2352 1570 2371 eo
1595 2340 1635 2371 de
1660 2341 1756 2372 exilio

1290 2400 1447 2431 habitavit
1475 2401 1506 2431 in
1531 2401 1687 2431 cimiterio
1716 2404 1847 2432 sanctae
1873 2401 1973 2443 Agnis
2002 2401 2087 2443 apud

1288 2462 1476 2492 germanam
1514 2452 1682 2483 Constanti
1716 2452 1815 2494 Aug.,
1849 2456 1883 2484 ut
1911 2454 2000 2495 quasi
2030 2464 2088 2494 per

1292 2503 1361 2534 eius
1385 2506 1499 2545 rogatu
1523 2504 1643 2535 rediret
1673 2504 1703 2535 in
1728 2505 1905 2541 civitatenr:
1937 2504 1993 2535 sed
2017 2505 2088 2546 ipsa

1288 2565 1346 2596 pro
1379 2565 1418 2585 co
1451 2565 1565 2596 rogare
1590 2555 1705 2595 noluit,
1737 2556 1811 2598 quia
1838 2555 1940 2587 fidelis
1964 2559 2033 2587 erat
2055 2557 2086 2587 in

1289 2606 1426 2637 Christo.

1289 2666 1379 2697 Tune
1404 2666 1612 2697 Constantius
1637 2677 1707 2698 cum
1732 2666 1860 2698 Ursatio
1892 2669 1924 2698 et
1947 2666 2086 2699 Valente

1261 2743 1263 2766 2
1290 2721 1322 2748 ct
1346 2718 1435 2757 alios,
1460 2719 1511 2760 qui
1537 2728 1578 2749 ex
1602 2719 1671 2749 fece
1695 2717 1832 2749 Arriana
1856 2721 1955 2758 crant,
