2245 3213
859 211 1139 241 PROLEGOMENA,
1743 214 1825 239 XCIX

179 299 336 340 ‘antiquus
359 297 441 328 liber
468 298 600 328 vetustis
633 297 870 328 characteribus
895 298 1029 339 scriptus
1056 297 1095 328 de.
1121 298 1192 328 vitis
1225 298 1408 338 pontificum
1434 298 1655 330 Romanorum
1681 300 1824 330 extabat.

179 350 284 380 ‘Hunc
307 350 422 380 librum
446 350 582 380 instante
607 349 734 379 domino
752 349 890 380 Antonio
917 349 955 380 de
974 349 1115 390 Aquino,
1141 350 1193 390 qui
1219 350 1307 380 illum
1332 351 1362 380 in
1388 360 1425 380 co
1445 352 1638 381 monasterio
1659 352 1825 382 invenerat

180 405 222 432 ‘et
246 401 373 432 domino
398 401 537 431 Caesare
566 400 704 431 Baronio
729 405 860 442 petente
884 401 919 431 F.
946 401 1115 431 cardinalis
1140 401 1313 432 Montaltus
1345 402 1488 432 ciusdem
1521 403 1638 433 ordinis
1663 407 1826 444 protector

180 457 271 484 ‘anuo
302 455 378 484 1593
403 452 539 483 Romam
563 452 670 483 afferri
694 453 792 485 iussit.
819 463 954 494 cumque
982 463 1043 493 ego
1068 453 1255 483 Frauciscus
1280 453 1381 484 Penia
1407 454 1510 485 Rotae
1536 455 1662 485 auditor
1688 455 1825 485 cundem

180 505 304 535 ‘librum
332 508 444 535 nactus
472 514 592 539 essem.
619 514 691 534 eum
716 505 849 535 servatis
874 504 995 534 eisdem
1026 505 1264 535 characteribus
1288 506 1453 536 transcribi
1483 507 1559 537 mihi
1584 507 1689 538 curavi
1715 511 1747 537 et
1772 517 1828 548 per

179 563 241 587 ‘me
265 557 368 598 ipsum
393 567 465 587 cum
489 557 618 598 antiquo
644 557 833 597 exemplari,
858 556 889 586 in
914 567 976 597 quo
1002 560 1073 586 sunt
1098 557 1282 597 frequenter
1307 557 1466 588 solecismi
1484 559 1524 589 ob
1542 559 1735 600 imperitiam
1763 559 1826 588 sor-

180 609 281 639 -tassis
311 609 487 650 scriptoris,
521 608 652 647 contuli,
687 612 721 638 ut
754 612 891 650 apparet
914 609 945 638 in
969 608 1029 638 hoc
1054 607 1156 639 libro'.
1181 626 1220 630 ——
1246 608 1435 639 Pontificum
1461 611 1559 641 series
1585 611 1735 641 continua
1759 611 1827 640 tinit

179 661 209 690 in
238 660 404 691 Hadriano
428 660 459 691 Π
490 661 704 701 &effi—§we
740 659 893 691 deficiunt
922 660 1007 690 vitae
1040 670 1259 690 successorum
1288 661 1381 690 trium
1413 661 1562 692 Iohannis
1581 662 1677 693 VIII.
1703 662 1827 694 Marini.

180 712 336 743 Hadriani
358 712 422 743 HI:
459 712 615 753 Stephani
631 711 661 741 V
685 713 883 753 (sss—Sal)
919 716 967 741 est
1002 712 1033 741 iu
1070 711 1129 741 hoc
1162 711 1271 742 codice
1301 712 1412 742 finiens
1442 713 1630 754 imperfecte
1660 714 1690 744 in
1722 714 1827 743 verbis

179 776 207 806 p.
233 766 296 800 196.
315 778 337 795 18
361 767 389 794 et
413 775 483 795 moa:
506 764 589 795 laeta
614 763 724 794 codice
748 764 816 804 ipso
841 764 977 804 integro,
1003 763 1163 804 descripto
1188 763 1284 804 igitur
1308 774 1349 794 ex
1374 764 1485 794 mutilo
1504 765 1691 806 archetypo.
1737 765 1827 795 Titu-

180 817 243 846 lum
267 816 388 846 nullum
411 815 494 846 liber
518 816 618 846 habet
642 826 747 857 neque
773 820 846 846 ante
873 816 1026 856 epistulas
1050 825 1154 856 neque
1179 819 1253 846 ante
1272 816 1362 846 vitas.
1408 816 1525 846 Indicis
1550 828 1704 858 paparum
1730 818 1826 847 inter-

180 869 274 909 positi
298 869 381 898 inter
397 868 550 909 epistulas
568 872 600 898 et
618 868 700 898 vitas
718 867 833 907 (edidit
851 878 923 898 eum
941 867 1109 908 Vignolius
1126 868 1156 897 in
1174 868 1274 908 praef.
1291 868 1353 899 vol.
1379 870 1415 905 l).
1440 872 1597 908 quatenus
1622 872 1670 898 est
1693 879 1711 898 a
1728 869 1829 910 prima

180 931 283 959 manu,
308 921 412 962 spatia
435 920 547 950 finiunt
570 920 601 950 in
626 919 773 961 Eugenio
799 920 831 950 II
856 919 890 960 (ἢ
915 919 1002 959 827),
1028 919 1157 949 nomina
1181 920 1291 960 spatiis
1315 930 1377 949 non
1403 919 1519 949 additis
1543 920 1574 950 in
1597 919 1761 950 Hadriano
1783 920 1827 950 III

180 973 265 1007 (884.
283 972 369 1009 885),
394 971 478 1002 unde
503 971 703 1012 intellegitur
727 972 938 1012 archetypum
957 971 1109 1011 scriptum
1128 981 1198 1001 esse
1217 971 1344 1001 saeculo
1364 981 1446 1001 nono
1466 975 1615 1002 exeunte.
1652 972 1682 1001 A
1699 971 1826 1001 librario

180 1024 279 1064 primo
303 1027 433 1065 praeter
460 1034 574 1064 corpus
599 1023 737 1053 vitarum
762 1023 897 1064 scriptus
927 1026 976 1052 est
1001 1022 1166 1062 catalogus
1191 1032 1345 1063 paparum
1378 1033 1449 1052 cum
1474 1033 1579 1053 rerum
1603 1023 1715 1053 notitia
1740 1023 1828 1052 brevi

179 1076 332 1116 incipiens
362 1086 380 1106 a
408 1075 562 1106 Landone
596 1076 682 1115 (913.
707 1076 799 1115 914),
828 1075 941 1104 finiens
965 1074 995 1104 in
1020 1074 1178 1114 Gregorio
1201 1073 1265 1104 Vll
1291 1074 1324 1113 (ἢ
1356 1075 1462 1112 1085),
1492 1074 1596 1104 editus
1620 1074 1705 1115 apud
1729 1074 1825 1104 Bian-

180 1127 318 1158 chinium
342 1128 404 1158 vol.
427 1130 437 1158 l
464 1137 493 1168 p.
513 1130 530 1157 5
565 1130 597 1157 et
614 1126 799 1167 Vignolium
825 1127 901 1167 (vol.
925 1129 934 1156 l
963 1127 1094 1167 praefi).
1127 1125 1212 1156 unde
1242 1126 1402 1165 colligitur
1432 1125 1546 1156 librum
1576 1127 1726 1167 scriptum
1756 1136 1826 1156 6556

180 1182 252 1220 post
281 1179 372 1210 huius
395 1189 500 1221 papae
518 1178 650 1209 obitum.
696 1177 823 1208 Adsunt
840 1182 1012 1219 praeterea
1028 1177 1148 1207 indices
1166 1177 1227 1207 duo
1253 1177 1293 1207 ab
1311 1177 1426 1207 eadem
1444 1187 1539 1208 manu
1565 1178 1699 1219 profecti
1717 1185 1827 1218 (supra

180 1242 210 1272 p.
228 1231 407 1262 LXXXIII
422 1231 602 1269 memorati,
617 1230 672 1261 ubi
689 1229 827 1260 diximus
845 1229 884 1260 de
900 1230 1042 1260 Parisino
1061 1232 1143 1259 5140
1161 1229 1306 1260 eiusdem
1324 1230 1452 1269 aetatis)
1471 1230 1705 1270 sepulturarum
1724 1229 1827 1271 ponti-

180 1284 274 1314 ficum
298 1283 339 1314 ad
363 1283 550 1314 Zachariam
576 1281 608 1322 (†
628 1282 702 1323 752)
729 1282 833 1312 editus
857 1294 886 1324 p.
905 1282 1027 1313 LXIII.
1052 1282 1160 1312 LXIV
1191 1285 1222 1312 et
1251 1281 1504 1323 patriarcharum
1535 1281 1828 1322 Constantinopoli-

180 1339 326 1366 tanorum
349 1335 391 1365 ad
407 1334 651 1365 Constantinum
669 1336 879 1376 (GH—1577).
906 1353 943 1356 —
970 1334 1083 1365 Codex
1108 1335 1242 1376 scriptus
1267 1345 1285 1364 a
1308 1334 1436 1365 librario
1454 1333 1696 1374 diligentissimo
1715 1337 1747 1364 et
1771 1344 1827 1374 pro

181 1397 219 1417 ea
242 1390 349 1418 aetate
379 1397 442 1418 non
466 1386 594 1417 indocto
619 1386 740 1428 pendet
764 1397 782 1417 a
806 1387 893 1417 libris
919 1386 1052 1417 duobus.
1100 1387 1129 1417 A
1154 1386 1378 1428 dittographiis
1409 1385 1610 1416 evidentibus
1636 1396 1829 1426 quamquam

180 1439 377 1480 paucissimis
394 1439 470 1469 locis
488 1439 633 1480 exceptis
650 1439 796 1469 librarius
813 1438 954 1479 prudens
971 1439 1134 1475 abstinuit.
1154 1438 1287 1479 duplicis
1305 1438 1472 1479 archetypi
1490 1438 1615 1479 copiam
1634 1438 1662 1467 ei
1681 1438 1776 1467 fuisse
1795 1440 1829 1467 ut

180 1490 344 1521 declarant
360 1491 463 1532 spatia
480 1491 703 1532 cpiscoporum
721 1490 838 1532 passim
855 1490 895 1520 ab
913 1491 982 1531 ipso
1002 1490 1130 1520 librario
1155 1490 1198 1520 ita
1223 1489 1404 1525 emendata,
1430 1493 1464 1519 ut
1493 1489 1587 1519 modo
1614 1489 1700 1530 prior
1723 1489 1828 1527 lectio,

181 1542 276 1573 modo
301 1543 460 1584 posterior
483 1542 616 1573 formam
642 1542 854 1583 antiquiorem
879 1546 1031 1583 sequatur
1055 1541 1141 1581 (vide
1166 1551 1261 1582 supra
1285 1552 1314 1582 p.
1334 1540 1444 1571 XLIII
1458 1540 1551 1582 seq),
1576 1541 1620 1571 ita
1644 1540 1830 1571 confirmant

179 1594 213 1624 id
230 1594 291 1625 loci
308 1595 421 1636 reliqui
438 1604 549 1625 omnes
567 1594 643 1629 fere.
658 1594 712 1624 ubi
729 1594 876 1624 librarius
891 1593 1049 1635 duplicem
1066 1594 1237 1624 lectionem
1252 1592 1340 1623 dedit
1356 1593 1495 1634 priorem
1513 1593 1701 1633 scripturam
1719 1602 1830 1622 emen-

180 1646 268 1676 dans.
316 1646 444 1677 Scilicet
467 1646 603 1676 alterum
628 1646 813 1686 exemplum
837 1646 1002 1686 usurpavit
1019 1646 1083 1675 tale
1109 1646 1186 1681 fere,
1212 1645 1304 1686 quale
1330 1645 1389 1674 fuit
1412 1644 1623 1685 archetypum
1647 1647 1827 1674 nostrorum

182 1698 263 1728 (r'Ifss
288 1702 319 1728 et
342 1698 415 1729 huic
441 1698 569 1739 quidem
594 1697 726 1728 similius
752 1708 846 1738 quam
872 1697 926 1734 illi,
950 1697 1086 1727 alterum
1111 1697 1320 1738 archetypum
1346 1697 1561 1737 gemellumve
1588 1695 1704 1726 codicis
1730 1695 1827 1725 nostri

182 1749 242 1781 (¹³³2
266 1750 368 1791 ipsum
393 1754 479 1781 certe
511 1760 573 1780 non
605 1749 766 1787 adhibuit,
801 1759 871 1779 cum
897 1749 1160 1790 interpolationes
1191 1749 1220 1779 ei
1244 1749 1393 1789 propriae
1418 1750 1527 1789 (supra
1551 1759 1580 1789 p.
1601 1747 1771 1781 LXXXII)
1799 1747 1830 1776 in

179 1801 294 1832 librum
310 1801 362 1832 Ει
394 1812 457 1832 non
486 1801 677 1832 transierint.
730 1801 767 1831 In
795 1801 949 1831 laterculo
977 1801 1059 1830 infra
1082 1811 1112 1841 p.
1132 1800 1255 1830 CXXV
1270 1810 1336 1841 seq.
1362 1800 1415 1840 qui
1439 1799 1637 1830 examinabit
1661 1800 1747 1830 locos
1765 1798 1831 1828 Eu)

181 1856 213 1883 et
229 1852 302 1891 Est,
330 1853 472 1884 inveniet
503 1853 666 1883 librarium
698 1853 817 1894 passim
850 1852 970 1883 hiatum
1000 1863 1070 1883 cum
1088 1852 1138 1882 Εϋ
1163 1852 1406 1883 convenientem
1436 1852 1617 1892 explevisse
1649 1862 1689 1881 ex
1720 1850 1829 1881 codice

180 1905 281 1945 qualis
306 1909 355 1936 est
375 1905 421 1936 0³
452 1906 518 1946 (37,
535 1918 555 1936 4.
588 1907 639 1943 44,
658 1917 689 1935 11.
722 1907 771 1939 45,
789 1917 810 1935 s.
843 1906 943 1935 5214.
974 1907 1023 1935 53.
1041 1917 1074 1934 222.
1104 1907 1205 1941 55,11.
1239 1905 1308 1942 173,
1326 1905 1363 1941 5),
1394 1903 1471 1933 item
1496 1914 1558 1934 non
1582 1914 1652 1933 raro
1677 1903 1831 1933 lectiones

182 1956 354 1987 redeuntes
378 1957 409 1987 in
425 1956 474 1987 Ess
499 1957 672 1987 mutavisse
697 1956 738 1987 ad
761 1957 933 1987 lectionem
957 1960 1119 1998 repertam
1143 1957 1220 1987 item
1244 1957 1275 1986 in
1295 1955 1339 1986 C³
1364 1957 1428 1995 136,
1445 1968 1466 1986 6.
1492 1957 1542 1990 63,
1559 1967 1593 1985 2.4
1620 1957 1668 1993 77,
1685 1967 1706 1986 4.
1732 1955 1831 1992 78,12.

181 2010 231 2047 93,
246 2021 266 2039 3.
298 2010 411 2047 142,1⁵.
446 2010 560 2047 14221.
591 2011 692 2042 154.3.
725 2010 824 2047 l7l,4.
851 2008 971 2047 216,ῑ.),
1018 2008 1151 2038 Hiatum
1175 2007 1293 2038 codicis
1313 2008 1356 2038 (⁷¹3
1381 2006 1505 2037 duobus
1529 2007 1606 2037 10615
1631 2008 1696 2047 (37,
1715 2020 1736 2036 21.
1765 2007 1831 2043 131,

181 2060 230 2092 15),
256 2064 408 2101 quantum
426 2059 499 2099 vidi,
517 2059 664 2090 secundis
682 2060 763 2090 curis
787 2060 827 2090 ad
845 2060 895 2090 13⁶
913 2060 1064 2101 explevit,
1082 2061 1165 2090 illius
1182 2060 1326 2090 lectionis
1348 2059 1389 2089 ad
1414 2059 1496 2089 hunc
1521 2062 1682 2088 correctae
1708 2060 1828 2087 certum

181 2112 366 2153 exemplum
383 2112 435 2150 (cf.
453 2114 548 2151 34,12J
566 2122 629 2142 non
648 2112 768 2143 inveni:
787 2111 1018 2153 dittographias
1036 2111 1183 2153 denique,
1201 2114 1235 2141 ut
1252 2111 1327 2142 dixi.
1346 2121 1417 2141 raro
1436 2112 1522 2150 (120,
1534 2122 1564 2140 15.
1588 2112 1685 2147 l5l,7.
1712 2108 1829 2147 210,20)

181 2162 318 2193 admisit.
375 2163 545 2194 Patefacta
580 2163 624 2193 ita
659 2162 776 2193 codicis
811 2163 918 2193 indole
950 2163 1115 2193 videamus
1152 2163 1191 2194 de
1229 2163 1296 2193 61115
1331 2163 1488 2197 utilitate.
1515 2171 1597 2202 quae
1623 2164 1671 2190 est
1696 2161 1829 2200 exigua:

180 2224 254 2244 nam
280 2214 342 2244 duo
367 2214 559 2256 archetypa,
584 2224 602 2244 a
626 2214 740 2255 quibus
772 2214 910 2256 pendet,
936 2215 996 2245 etsi
1020 2215 1088 2256 ipsa
1119 2225 1181 2245 non
1214 2217 1335 2251 extant,
1368 2214 1454 2244 libris
1487 2212 1592 2243 adhuc
1623 2212 1755 2242 servatis
1788 2211 1831 2240 ita

182 2269 477 2306 repraesentantur.
503 2269 537 2296 ut
559 2270 692 2307 propter
716 2277 772 2297 eos
796 2266 837 2297 ad
854 2266 1046 2297 Vaticanum
1071 2266 1320 2297 contaminatum
1350 2275 1411 2295 non
1437 2268 1484 2294 cst
1509 2263 1593 2305 quod
1617 2262 1830 2294 attendamus.

183 2316 263 2347 Cum
291 2317 372 2348 GEG
397 2321 429 2348 et
459 2318 593 2358 passim,
624 2318 721 2348 etiam
753 2318 806 2348 ubi
841 2319 869 2349 (τ’
902 2318 1023 2355 differt,
1059 2329 1129 2348 cum
1154 2317 1206 2348 Efi
1230 2317 1299 2347 solo
1325 2317 1482 2347 consentit
1506 2316 1555 2345 Ε1
1582 2319 1645 2346 tam
1670 2315 1700 2344 in
1724 2313 1831 2355 probis

182 2369 372 2400 lectionibus
397 2379 493 2410 quam
518 2369 549 2400 in
573 2369 747 2403 erroribus.
772 2370 855 2400 inter
885 2380 964 2411 quos
995 2380 1059 2400 uon
1084 2369 1177 2411 pauci
1201 2372 1290 2407 sunt,
1316 2368 1368 2409 qui
1397 2367 1465 2398 tolli
1490 2369 1663 2408 potuerunt
1686 2365 1830 2395 adhibito

184 2420 293 2451 codice
318 2421 431 2457 altero,
457 2420 514 2451 sed
538 2424 760 2451 remanserunt
784 2426 831 2461 (111
856 2423 937 2458 ltus..
964 2423 1061 2460 70,11.
1087 2424 1137 2459 514.
1153 2433 1185 2452 15.
1210 2422 1308 2458 (ΔΖ-15.
1337 2423 1422 2453 tum.
1453 2421 1566 2456 105,11.
1597 2422 1662 2453 109,
1679 2431 1709 2447 11.
1740 2418 1831 2455 188,1

183 2474 269 2512 cet.).
317 2472 516 2507 Quibusdam
540 2472 618 2502 locis
642 2472 787 2502 videmus
812 2473 995 2514 exemplum
1020 2473 1151 2503 huiusce
1176 2471 1369 2502 recensionis
1392 2470 1432 2500 ab
1450 2469 1500 2499 El
1518 2470 1695 2501 adhibitum
1720 2478 1829 2498 emen-

183 2524 288 2554 datius
312 2525 463 2566 scriptum
497 2525 592 2554 fuisse
623 2535 717 2565 quam
743 2524 828 2565 quod
853 2535 910 2555 1105
935 2525 1092 2555 habemus
1117 2524 1369 2554 recentissimum
1388 2522 1453 2553 12⁷0:
1484 2521 1528 2552 ita
1558 2523 1624 2552 121.
1645 2533 1667 2551 17
1692 2519 1777 2561 quod
1801 2520 1831 2550 in

184 2575 234 2605 Ει
259 2576 335 2606 mihi
361 2575 604 2617 deprehendere
629 2576 712 2606 visus
736 2586 805 2606 sum
829 2577 999 2617 vestigium
1023 2576 1168 2607 lectionis
1192 2578 1338 2605 vetustae
1369 2584 1458 2612 αριστ]
1481 2584 1538 2614 pro
1562 2583 1581 2602 (ι
1606 2583 1671 2611 reglc
1695 2582 1757 2602 non
1782 2574 1830 2602 est

184 2628 214 2658 in
230 2627 291 2659 13⁶:
322 2630 388 2664 194.
406 2641 416 2655 s
441 2627 525 2669 quod
550 2630 599 2658 est
622 2628 653 2657 in
670 2627 719 2657 15¹
740 2638 798 2666 pm·
820 2629 932 2658 scisma
958 2631 1101 2669 praestat
1124 2627 1252 2658 lectioni
1269 2627 1320 2656 EG
1342 2625 1500 2657 scismica:
1524 2625 1600 2654 item
1626 2625 1696 2659 2115.
1714 2636 1724 2653 3
1750 2622 1830 2653 nelo—

183 2678 319 2709 ‹1iusE1
350 2680 442 2710 alteri
471 2678 693 2709 inducito-13⁴⁵.
744 2679 807 2709 Sed
840 2680 954 2720 pusilla
989 2679 1069 2709 hacc
1100 2682 1171 2708 sunt
1202 2682 1233 2708 et
1262 2677 1377 2707 nullius
1410 2676 1573 2706 momenti.
1628 2675 1705 2705 Loci
1735 2675 1771 2711 ii,
1802 2675 1833 2704 iu

185 2731 298 2771 quibus
322 2731 497 2762 Vaticanus
521 2731 570 2762 hic
596 2734 627 2761 et
651 2730 864 2761 Farnesianus
894 2731 938 2761 ita
962 2731 1161 2771 conspirant,
1191 2733 1225 2760 ut
1249 2728 1402 2759 recedant
1426 2738 1444 2758 a
1467 2727 1683 2758 Laurentiano
1709 2728 1796 2766 (145,
1812 2739 1832 2756 5.

190 2784 289 2819 lons„
323 2784 424 2821 1629.
459 2784 558 2814 1821..
596 2783 664 2819 1¹32,
680 2782 720 2821 1),
750 2781 922 2812 admodum
947 2782 1007 2812 rari
1031 2785 1103 2811 sunt
1126 2791 1230 2822 neque
1261 2781 1304 2810 ita
1329 2779 1523 2820 comparati.
1555 2781 1590 2808 ut
1620 2781 1752 2819 propter
1776 2787 1832 2807 eos

185 2844 337 2874 cogamur
354 2835 495 2875 cogitare
514 2834 552 2864 de
578 2834 672 2864 tertio
697 2834 803 2874 aliquo
821 2834 999 2875 exemplari
1017 2844 1034 2863 a
1052 2833 1210 2863 Vaticano
1228 2832 1383 2873 scriptore
1400 2830 1556 2861 adhibito.
1580 2847 1621 2851 -
1645 2828 1828 2859 Secundum

1589 2890 1626 2914 ll*
