2245 3213
275 1618 310 1642 E³
330 1618 388 1642 coll.

398 225 483 252 XCIV
1083 215 1221 243 PROLEG
1227 214 1363 241 OMENA.

399 313 429 343 in
455 311 615 353 excerptis
640 308 892 345 Mutinensibus,
926 305 958 336 id
989 303 1076 346 quod
1100 302 1177 333 facit
1200 301 1242 332 ad
1265 300 1431 342 archetypi
1462 299 1750 332 contaminatorum
1774 304 1915 333 aetatem
1941 302 2048 335 deter-

399 363 596 395 minandam:

583 416 627 447 10,
643 426 654 443 3
678 410 806 454 quando
830 409 948 440 missae
973 403 1187 447 celebrantur]
1212 413 1331 436 comma
1354 403 1502 434 omissum
1524 403 1559 434 in-
1582 403 1725 442 epitomis
1748 404 1881 443 (bacchus,
1905 406 2051 437 additum

712 466 747 494 ul
770 462 895 493 ridetur
917 461 950 490 iv
976 458 1151 490 recensione
1173 456 1321 493 secunda,
1345 455 1434 485 adest
1457 455 1492 485 in
1516 454 1697 486 Mutinensi

582 519 627 551 11.
645 529 656 547 9
680 514 766 546 sedis
790 509 998 555 apostolicae]
1023 511 1045 541 I
1066 520 1135 540 cum
1153 508 1228 546 FK,
1252 507 1453 549 patriarchae
1477 506 1562 538 Mat.
1587 517 1657 537 cum
1680 506 1728 538 II.
1752 507 1815 538 III

580 571 629 600 49.
645 580 668 599 ιο
691 563 867 607 consignet]
892 565 920 595 I.
945 564 988 595 ΙΙ
1015 572 1112 602 eaque
1139 561 1264 592 ridetur
1287 559 1374 590 lectio
1396 559 1544 598 antiqua,
1575 559 1766 600 consignent
1788 560 1874 592 IlIut.
1899 572 1968 592 cum
1992 561 2056 593 III

711 622 739 649 et
762 617 833 649 FK
852 627 890 647 ea:
913 615 1128 647 emendatione
1151 615 1187 644 ut
1209 611 1333 643 videtur

580 674 630 711 75,
645 684 667 703 m
691 671 842 702 scrinium
866 666 1022 709 sanctum]
1041 667 1067 698 I.
1087 666 1137 704 II,
1161 665 1310 696 scrinium
1327 666 1458 694 sanctae
1477 662 1562 694 sedis
1581 663 1678 701 stlat„
1702 663 1899 695 scriniarium
1923 669 2053 697 sanctae

709 722 796 754 sedis
812 720 846 752 E
855 721 891 739 ¹·⁶

579 778 630 812 93,
645 788 655 807 3
678 773 846 816 monacha]
873 772 1022 808 meliores,
1046 771 1082 801 in
1105 770 1154 800 his
1171 769 1204 800 E
1210 770 1232 807 ⁶,
1255 767 1431 799 monachus
1454 766 1540 798 Mut.
1564 777 1635 798 cum
1654 767 1719 799 GE
1725 768 1752 791 ¹1³

510 827 731 859 Cononianam
756 827 920 869 epitomen
951 824 1032 855 infra
1063 821 1355 853 demonstrabimus
1385 819 1505 862 passim
1536 820 1713 851 servavisse
1742 820 1916 852 lectionem
1946 822 2055 864 primi-

402 881 499 911 tivam
534 890 597 911 non
632 890 703 910 raro
740 878 943 910 adsentiente
976 876 1079 906 altera
1111 873 1294 911 Feliciana,
1329 872 1498 913 aliquoties
1530 872 1641 903 solam.
1697 872 1806 904 Nihilo
1843 874 1946 905 minus
1980 875 2057 905 item

403 932 544 974 epitome
581 942 619 963 ea
654 929 825 962 referenda
857 932 906 960 est
936 928 969 959 in
1001 926 1146 958 ordinem
1176 925 1330 956 librorum
1360 924 1649 954 contaminatorum
1680 925 1882 956 consentiens
1915 937 1986 957 cum
2020 927 2058 957 iis

402 994 465 1014 non
505 984 607 1014 solum
642 984 674 1014 in
712 981 903 1014 lectionibus
941 980 1040 1018 veris,
1081 988 1163 1020 quae
1203 980 1269 1008 tam
1307 977 1339 1007 in
1371 976 1534 1018 epitomen
1566 987 1661 1018 quam
1693 977 1725 1007 in
1761 978 1896 1008 classem
1929 978 2057 1009 tertiam

403 1039 537 1078 possunt
573 1036 699 1067 venisse
735 1045 777 1066 ex
812 1033 1000 1065 recensione
1028 1031 1151 1073 priore,
1183 1029 1242 1060 sed
1270 1029 1347 1059 item
1378 1028 1438 1066 ibi,
1468 1028 1522 1059 ubi
1555 1028 1626 1059 libri
1656 1029 1863 1060 contaminati
1895 1033 2003 1061 errant
2027 1033 2060 1061 et

405 1089 548 1119 maxime
581 1087 636 1118 ubi
669 1087 827 1118 breviant.
871 1084 1006 1116 Errores
1030 1081 1188 1114 eiusmodi
1220 1083 1253 1112 et
1280 1080 1546 1122 interpolationes
1575 1090 1646 1111 cum
1676 1081 1740 1111 iam
1769 1081 1801 1112 in
1830 1086 1921 1124 parte
1953 1083 2059 1124 priore

405 1141 554 1182 epitomis
584 1139 708 1171 duabus
733 1137 894 1170 communi
917 1147 981 1167 non
1005 1135 1110 1166 desint
1133 1133 1221 1176 (vide
1245 1133 1277 1164 in
1302 1132 1437 1163 elencho
1461 1132 1634 1163 lectionum
1659 1133 1753 1164 classi
1776 1134 1891 1165 tertiae
1912 1134 2059 1176 propria—

403 1203 483 1226 rum.
509 1202 604 1234 quem
628 1192 710 1222 infra
733 1202 762 1232 p.
779 1188 978 1230 CXXVseq.
1005 1186 1161 1225 dedimus,
1185 1186 1272 1216 locos
1298 1186 1372 1223 7‚13.
1409 1187 1490 1224 11,s.
1526 1186 1572 1223 14,
1585 1197 1618 1216 ιι.
1651 1186 1702 1223 36,
1717 1198 1738 1217 e.
1769 1187 1819 1224 37,
1832 1198 1855 1217 4.
1880 1186 1991 1227 87,ιο),
2015 1187 2059 1217 ita

406 1244 574 1275 abundant
597 1245 629 1275 in
644 1246 736 1286 parte
753 1241 896 1273 secunda
913 1240 1000 1282 (vide
1017 1240 1050 1270 in
1066 1238 1221 1270 laterculo
1239 1237 1355 1269 eodem
1371 1237 1454 1268 inter
1470 1237 1549 1268 alios
1565 1237 1651 1268 locos
1678 1239 1747 1275 162,
1764 1250 1784 1268 5.
1819 1239 1887 1277 164,
1901 1250 1921 1269 ε.
1955 1240 2024 1278 171,
2040 1251 2060 1270 ι.

410 1298 525 1331 198,ιε;.
552 1295 682 1336 205.1),
708 1304 902 1337 quamquam
930 1302 971 1323 ne
1003 1292 1036 1323 in
1069 1291 1130 1322 hac
1158 1289 1288 1333 quidem
1318 1289 1434 1320 desunt
1462 1289 1524 1320 loci
1555 1289 1740 1331 interpolati
1767 1290 1800 1320 in
1830 1290 1932 1321 classe
1955 1291 2061 1330 tertia,

404 1352 492 1380 recte
527 1348 635 1390 scripti
667 1348 698 1378 in
718 1347 756 1378 K
781 1347 914 1387 (161,11.
953 1346 1021 1384 186,
1037 1357 1069 1375 10.
1103 1345 1208 1382 195,a.
1239 1341 1355 1383 198,2).
1414 1341 1549 1383 Propria
1579 1351 1662 1383 quae
1690 1342 1722 1372 in
1749 1341 1810 1373 hac
1840 1345 1932 1384 parte
1963 1341 2062 1373 habet

407 1401 549 1443 epitome
575 1399 763 1431 Cononiana
787 1399 908 1438 (153.4.
943 1399 1058 1435 166‚1‹;.
1087 1397 1155 1434 187,
1170 1408 1191 1426 3.
1220 1396 1287 1433 196,
1305 1406 1325 1425 4.
1352 1395 1423 1433 207,
1440 1393 1467 1435 2)
1490 1403 1550 1424 nec
1572 1404 1708 1424 numero
1731 1394 1833 1424 multa
1849 1397 1921 1425 sunt
1937 1404 1997 1425 nec
2021 1394 2061 1425 ab

408 1452 664 1494 interpolationis
689 1451 869 1492 suspicione
894 1450 1008 1487 aliena,
1032 1451 1068 1479 ut
1095 1449 1164 1487 187,
1182 1459 1193 1477 a
1216 1446 1256 1477 ad
1281 1448 1426 1477 sanctum
1450 1445 1584 1477 Petrum
1608 1445 1756 1476 librarius
1780 1445 1916 1477 fortasse
1941 1445 1981 1477 de
2006 1456 2063 1476 suo

406 1504 530 1535 addidit
560 1507 706 1535 sanctum
735 1502 889 1541 Paulum,
919 1501 1065 1532 similiter
1099 1502 1197 1541 atque
1229 1498 1377 1530 librarius
1401 1497 1452 1528 E4
1475 1498 1584 1540 paullo
1608 1500 1682 1540 post
1713 1497 1801 1539 (187,
1818 1497 1844 1540 e)
1875 1508 1933 1540 pro
1963 1497 2061 1529 Petro

407 1557 543 1587 Paulum
568 1555 741 1587 substituit.

511 1608 728 1639 Far-nesianus
753 1605 858 1637 codex
882 1615 967 1636 saec.
982 1604 1032 1635 IX
1057 1603 1171 1644 (Duch.
1188 1603 1251 1634 vol.
1269 1605 1278 1633 1
1308 1613 1339 1644 p.
1357 1601 1517 1640 CXCIX),
1542 1601 1677 1643 scriptus
1694 1603 1779 1632 totus
1796 1601 1910 1632 litteris
1927 1600 2064 1643 quadra-

409 1661 458 1695 tis,
477 1661 589 1702 quales
606 1661 855 1701 repraesentant
871 1657 1047 1699 specimina
1071 1655 1112 1687 de
1130 1655 1244 1697 quibus
1260 1654 1342 1685 infra
1359 1653 1483 1684 dicetur
1498 1653 1738 1684 Bianchiniana.
1784 1652 1835 1684 De
1859 1656 1966 1684 aetate
1991 1652 2065 1684 inde

409 1715 543 1752 constat,
570 1711 657 1754 quod
682 1710 910 1742 continebatur
933 1708 1015 1740 libro
1039 1708 1105 1739 vita
1130 1706 1235 1748 Sergii
1250 1706 1284 1737 ΙΙ
1304 1705 1337 1746 (†
1353 1706 1429 1747 847)
1454 1715 1559 1747 neque
1584 1705 1750 1746 quisquam
1774 1704 1927 1736 indicavit
1949 1705 2065 1736 librum

408 1775 427 1795 a
455 1764 588 1795 diversis
612 1763 751 1795 librariis
775 1763 929 1803 scriptum
954 1761 1062 1791 fuisse.
1107 1759 1234 1790 Primus
1257 1758 1330 1789 libri
1358 1757 1505 1788 meminit
1527 1756 1733 1796 Holstenius,
1758 1757 1812 1798 qui
1836 1767 1908 1788 eum
1933 1757 2067 1788 contulit

410 1816 452 1847 ad
484 1817 663 1857 marginem
698 1814 898 1856 exemplaris
929 1812 1079 1843 editionis
1106 1810 1317 1852 Moguntinae
1352 1809 1471 1840 servati
1503 1808 1600 1840 hodie
1634 1809 1666 1839 in
1695 1808 1893 1840 bibliotheca
1909 1809 2068 1840 Vaticana

409 1868 497 1909 (vide
529 1868 611 1898 infra
642 1868 725 1898 inter
759 1866 917 1897 editiones
942 1868 974 1895 et
1005 1862 1214 1906 apparatus),
1245 1862 1278 1893 in
1301 1861 1509 1903 praemonitis
1532 1861 1577 1892 ibi
1605 1860 1650 1891 sic
1667 1860 1707 1891 de
1732 1870 1770 1891 eo
1794 1861 1955 1892 referens:
1981 1860 2065 1891 ‘inde

412 1920 542 1961 ‘pagiua
567 1922 605 1949 54
641 1918 705 1961 [ed.
730 1915 952 1959 Moguntinae]
980 1915 1144 1957 ‘incipiunt
1169 1914 1355 1945 collationes
1378 1924 1434 1944 mS.
1459 1912 1647 1943 Farnesiani
1672 1912 1780 1954 scripti
1807 1913 1920 1944 litteris
1948 1913 2066 1943 maius—

411 1972 516 2011 mulis,
550 1981 612 2012 quo
642 1971 719 2001 nihil
750 1969 910 2011 antiquius
935 1971 1048 1999 extare
1072 1970 1165 2009 puto,
1199 1969 1232 1997 et
1262 1965 1366 1997 codex
1396 1963 1482 1995 haud
1507 1963 1603 1995 dubie
1627 1967 1701 1994 ante
1724 1967 1835 1995 natum
1860 1964 2066 1995 Anastasium

413 2024 561 2064 ‘scriptus
587 2023 645 2053 fuit
662 2022 712 2053 vel
730 2032 806 2052 sane
832 2031 870 2052 eo
895 2024 1052 2061 tempore,
1078 2028 1140 2060 quo
1163 2018 1232 2059 ipse
1258 2017 1446 2049 Anastasius
1469 2015 1568 2047 vixit'.
1615 2015 1787 2046 Latentem
1811 2015 1928 2047 deinde
1950 2016 2067 2047 librum

412 2075 516 2106 denuo
548 2074 716 2115 indagavit
739 2073 930 2104 Franciscus
955 2071 1163 2102 Bianchinius
1187 2080 1215 2100 a.
1239 2071 1318 2100 1720
1342 2068 1547 2099 adservatum
1578 2077 1617 2098 eo
1642 2070 1788 2109 tempore
1812 2068 1844 2101 in
1867 2068 1942 2099 villa
1965 2077 2066 2109 prope

412 2127 564 2158 Parmam
590 2126 720 2157 Oolorni
747 2125 988 2167 spcciminaque
1018 2122 1093 2154 inde
1118 2122 1252 2163 sumpsit
1278 2121 1364 2163 picta
1388 2130 1525 2161 eumque
1555 2119 1696 2150 contulit.
1742 2119 1879 2150 Picturis
1902 2119 1964 2150 illis
1987 2119 2067 2150 haec

412 2178 630 2220 praescripsit:
663 2178 837 2219 ‘specimen
869 2175 1063 2207 characteris
1095 2173 1297 2205 celeberrimi
1329 2172 1446 2203 codicis
1473 2171 1661 2202 Farnesiani
1779 2181 1797 2201 a
1822 2181 1873 2201 me
1897 2171 2067 2202 Francisco

412 2229 612 2260 ‘Blanchiuio
639 2229 822 2260 veronensi
854 2238 895 2258 ex
920 2226 1122 2268 autographo
1148 2225 1372 2266 transcriptum
1398 2223 1526 2254 Colorni
1555 2223 1586 2253 in
1610 2222 1748 2253 serenis-s
1772 2222 1860 2254 ducis
1884 2222 2068 2253 Parmensis

414 2282 543 2324 ‘palatio
568 2292 645 2313 suae
671 2279 868 2312 celsitudinis
893 2279 1050 2321 permissu
1073 2277 1134 2307 hac
1158 2276 1209 2307 die
1239 2277 1289 2308 26.
1312 2275 1460 2306 Octobris
1489 2276 1568 2305 1720
1593 2277 1625 2305 et
1649 2279 1738 2304 0111ῐῃο
1762 2284 1799 2304 ac
1822 2279 1916 2305 rev¹¹¹⁰
1940 2273 2067 2304 domino

416 2334 535 2375 ‘Ulyssi
560 2333 645 2365 card.
668 2331 854 2364 Gozzadino
879 2330 1000 2361 ibidem
1025 2329 1215 2368 exhibitum,
1239 2331 1274 2359 ut
1298 2328 1484 2369 dignaretur
1508 2337 1578 2357 cum
1603 2326 1803 2368 autographo
1820 2326 2068 2356 membranaceo

418 2385 539 2417 ‘codice
570 2386 689 2427 figuras
719 2384 940 2415 characterum
973 2381 1141 2421 conferre',
1173 2381 1359 2422 subscripsit
1386 2380 1427 2410 is:
1461 2379 1514 2409 ‘ita
1545 2388 1616 2409 esse
1641 2380 1741 2408 testor
1764 2378 1795 2408 in
1818 2378 1973 2419 scriptura
1997 2387 2068 2407 cum

417 2437 629 2479 ‘autographo
655 2435 850 2467 concordare
884 2445 945 2476 ego
976 2435 1057 2465 infra
1089 2434 1225 2475 scriptus
1249 2433 1288 2463 V.
1306 2432 1331 2464 Ι.
1357 2431 1443 2463 card.
1468 2429 1691 2462 Gozzadinus'.
1736 2428 1844 2460 Hodie
1870 2428 2070 2460 desideratur

416 2500 520 2530 neque
546 2499 744 2530 quamquam
769 2486 896 2518 adiutus
921 2485 1094 2527 diligenter
1117 2484 1157 2515 ab
1182 2484 1291 2515 amicis
1324 2483 1414 2514 Italis
1445 2483 1613 2524 quicquam
1644 2481 1684 2512 de
1709 2491 1748 2511 eo
1772 2480 1895 2512 rescivi.
1919 2499 1960 2502 —
1985 2479 2069 2515 Quid

417 2541 608 2571 continuerit
633 2541 764 2571 mutilus
796 2539 935 2580 passim,
967 2547 1009 2568 ex
1038 2535 1300 2567 adnotationibus
1329 2534 1548 2565 Ilolstenianis
1577 2536 1664 2564 certo
1693 2532 1892 2574 perspicitur.
1940 2531 2069 2562 Scilicet

417 2592 523 2633 coepit
559 2592 717 2633 prioribus
752 2590 930 2632 deperditis
960 2589 990 2620 in
1016 2589 1081 2619 vita
1107 2588 1231 2618 Silverii
1257 2598 1286 2629 p.
1310 2589 1375 2626 145»,
1395 2600 1415 2617 11
1440 2586 1528 2617 verb.
1552 2585 1639 2615 ‘infra
1671 2584 1841 2621 civitatem,
1876 2586 1950 2614 ante
1986 2593 2068 2624 quae

418 2643 606 2673 IIolstenius
630 2642 816 2683 adscripsit:
846 2641 896 2671 hir:
923 2641 1032 2679 surripit
1056 2650 1111 2671 ms.
1136 2640 1286 2676 Furius,
1310 2648 1449 2680 pergens
1472 2636 1546 2668 inde
1571 2636 1611 2667 ad
1635 2637 1732 2667 vitam
1757 2635 1905 2676 Gregorii
1930 2633 1989 2673 III,
2014 2633 2069 2664 ubi

418 2705 447 2736 p.
467 2696 538 2729 121,
558 2708 579 2724 12
604 2694 706 2725 Duch.
731 2693 771 2725 ad
791 2693 891 2724 verba
910 2703 969 2732 pm·
985 2692 1108 2723 ‹lit-ersa
1125 2692 1191 2722 lar-a
1210 2702 1265 2722 nu.
1287 2690 1412 2721 LXXX
1435 2700 1476 2720 cx
1501 2699 1538 2719 eo
1562 2689 1644 2719 libro
1661 2687 1805 2718 adfertur
1821 2697 1848 2718 v.
1866 2686 1885 2716 l.
1905 2685 2072 2716 XXVIII

420 2751 451 2775 ct
480 2745 520 2775 ad
549 2746 653 2775 locuni
684 2746 739 2784 qui
773 2746 866 2775 stiam
993 2746 1131 2783 quatuor
1158 2743 1349 2774 adscribitur
1377 2752 1431 2772 ms.
1462 2751 1523 2772 non
1555 2739 1704 2780 (cynoscil.
1756 2737 1882 2769 Deinde
1912 2747 1982 2768 cum
2012 2736 2069 2767 de-

419 2797 525 2827 ficiant
558 2801 652 2827 notae
684 2797 919 2835 Farnesianae,
951 2796 980 2826 in
1012 2796 1078 2826 vita
1102 2795 1278 2826 Zachariae
1307 2794 1347 2825 ad
1372 2804 1401 2835 p.
1420 2796 1534 2832 435,1a
1557 2791 1659 2823 Duch.
1683 2790 1724 2821 ad
1752 2790 1851 2821 verba
1874 2789 1924 2819 hie
1940 2788 2068 2828 praeci-

417 2859 502 2887 puus
535 2847 725 2878 adscribitur
763 2859 816 2879 ms.
856 2847 1009 2879 struas-‚s
1051 2858 1157 2878 rursus
1199 2848 1228 2877 in
1270 2847 1334 2877 vita
1371 2845 1526 2886 Stephani
1558 2844 1608 2874 III
1645 2854 1674 2884 p.
1700 2843 1778 2879 468,
1796 2853 1819 2872 1⁹
1855 2844 1929 2871 ante
1971 2840 2070 2871 verba
