2245 3213
322 992 330 1012 γ’
345 990 402 1013 coll.

304 1565 330 1578 ’Ἦ
344 1566 400 1589 coll.

343 2763 409 2787 Gli*

423 217 508 244 XCVI
1100 217 1240 244 PROLEG
1246 217 1383 244 OMENA.

584 308 649 337 154,
669 318 691 336 ιι
715 303 838 346 pietati]
862 305 1034 346 magestati
1051 305 1102 336 13⁵

582 359 650 388 154.
670 369 690 387 11
716 356 849 387 restitue
874 355 978 397 nobis]
1000 356 1019 388 ‘r
1041 367 1115 398 aug.
1140 357 1328 388 restituetur
1351 357 1443 388 uobis
1461 357 1496 388 E
1501 358 1512 375 ⁵
1537 368 1635 389 numm
1657 357 1795 388 secunda

585 410 650 443 155,
668 420 692 438 20
715 408 881 438 timentem
906 408 1002 440 deum
1025 408 1153 441 (1111.Εὸ

582 461 648 493 157,
669 473 677 490 ι
702 458 857 502 inlustrio]
883 460 1015 492 inlustre
1033 460 1086 491 E⁵

584 512 650 542 158.
669 524 677 541 ι
703 510 914 553 deseruimus]
939 512 1118 543 deserimus
1134 512 1186 543 E⁵

585 563 651 599 1155,
672 575 694 593 ιο
717 562 844 605 ditauit]
871 563 996 595 dotabit
1012 564 1065 595 E⁵

585 615 650 648 175,
667 627 678 644 s
703 625 721 644 a
744 618 854 646 saneto
879 615 939 657 (vel
961 626 1058 658 supra
1081 616 1213 657 scripto)
1240 614 1318 658 viro]
1344 615 1385 646 ad
1409 615 1643 647 sanctissimum
1668 618 1795 658 petrum
1812 615 1846 646 E
1852 615 1864 633 ⁵

582 667 650 702 190,
669 678 691 696 13
715 675 790 697 aere
819 668 872 709 qui
978 668 1164 709 nauigatum
1197 668 1303 699 fuerat
1338 678 1447 699 secum
1484 666 1706 710 abstollentes]
1738 678 1816 699 aera
1851 677 1934 708 quae
1966 691 2074 698 .....

732 719 886 759 nauigata
909 719 1038 750 fuerant
1061 730 1170 751 seeum
1194 719 1405 751 abstollentes
1424 719 1457 750 E
1465 721 1476 738 ⁵

422 766 448 797 E
477 768 633 799 contrario
659 769 875 801 Farnesianus
902 782 966 802 non
993 772 1096 802 solum
1125 774 1232 802 aetate
1263 771 1362 802 libros
1386 772 1619 803 contaminatos
1642 771 1783 813 reliquos
1811 770 1992 813 praecedit,
2017 769 2074 801 sed

423 818 520 849 etiam
555 819 654 851 habet
689 821 849 862 quaedam
881 824 1029 864 egregia,
1059 826 1094 854 ut
1121 825 1227 859 182,15
1258 824 1343 854 solus
1374 823 1442 854 fere
1478 834 1550 854 cum
1567 823 1616 854 15⁴
1644 826 1676 854 et
1708 823 1910 865 aliquatenus
1938 833 2009 853 cum
2030 821 2074 853 0³

422 880 530 901 veram
554 871 725 903 lectionem
748 873 916 905 hieraticos
939 875 1088 909 servavit,
1113 875 1190 906 item
1214 875 1374 906 barbarae
1398 875 1521 906 formae
1545 875 1577 906 in
1600 875 1730 916 reliquis
1756 874 1979 906 contaminatis
2005 874 2073 905 fere

423 922 626 954 oblitteratae
651 934 692 954 ex
715 924 776 956 hoc
799 925 984 963 afferuntur,
1010 930 1045 958 ut
1074 929 1141 965 145,
1160 940 1183 958 16
1206 927 1359 965 ecclesias,
1385 929 1457 965 210,
1475 939 1486 958 5
1509 926 1659 958 acolotus.

510 983 685 1015 Vaticanus
702 986 778 1015 3761
803 996 886 1018 saec.
901 986 991 1023 NJXI
1008 987 1130 1028 (Waitz
1147 998 1241 1018 naues
1257 987 1376 1018 Archiv
1398 990 1444 1026 10,
1462 990 1519 1018 461
1534 1000 1540 1020 :
1558 987 1730 1018 Duchesne
1748 997 1778 1028 p.
1793 986 1856 1018 CC.
1875 985 1962 1028 CCI)
1980 989 2075 1017 antea

424 1035 558 1065 fortasse
584 1035 735 1067 abbatiae
760 1036 938 1077 Farfensis,
964 1038 1081 1070 deinde
1107 1050 1211 1081 papae
1238 1039 1363 1070 Nicolai
1388 1039 1435 1070 IV
1468 1039 1505 1079 (I.
1538 1039 1650 1080 Griorgi
1680 1038 1820 1070 archivio
1850 1038 1932 1069 della
1961 1037 2075 1069 societ&

426 1086 572 1117 Romamn
596 1088 656 1118 vol.
676 1090 714 1119 20
740 1099 768 1119 a.
791 1091 868 1120 1897
894 1100 924 1131 p.
942 1091 1029 1127 262),
1060 1091 1170 1132 incipit
1194 1091 1322 1122 mutilus
1345 1091 1377 1121 in
1402 1091 1540 1122 Damaso
1573 1102 1603 1132 p.
1620 1092 1671 1123 84,
1690 1103 1713 1121 15
1735 1090 1841 1122 verbis
1865 1089 1950 1121 turio
1972 1089 2073 1129 feren-

423 1138 489 1169 tino
514 1142 546 1169 et
571 1139 659 1170 hiant
676 1141 779 1181 prima
799 1141 876 1172 folia
893 1142 945 1173 hie
962 1143 1026 1173 illic
1042 1153 1143 1184 usque
1168 1142 1209 1173 ad
1234 1154 1263 1184 p.
1281 1144 1332 1179 88,
1351 1145 1384 1179 73
1408 1143 1476 1174 finit
1499 1143 1577 1174 item
1600 1143 1730 1174 mutilus
1752 1143 1784 1173 in
1801 1142 1867 1173 vita
1883 1141 2042 1172 Hadriani
2060 1140 2075 1171 I

423 1202 452 1231 p.
471 1192 541 1221 499.
558 1204 581 1221 :14
616 1191 720 1222 Duch.
750 1193 882 1231 aposloli
910 1194 1073 1225 cortinam.
1111 1213 1150 1217 ——
1187 1195 1321 1226 Praeter
1356 1205 1410 1230 ea,
1447 1205 1529 1236 quae
1561 1195 1612 1226 hic
1647 1195 1729 1226 liber
1763 1194 1944 1225 communia
1976 1193 2076 1224 habet

423 1253 494 1273 cum
527 1244 667 1283 gemello
685 1244 746 1277 E5.
779 1244 818 1275 de
848 1245 962 1287 quibus
986 1257 1063 1277 mox
1094 1246 1233 1285 dicetur,
1263 1257 1326 1277 non
1357 1257 1460 1288 pauca
1492 1247 1623 1288 propria
1652 1247 1752 1278 habet
1782 1249 1847 1277 tam
1870 1246 1956 1276 bona
1980 1255 2074 1287 quam

422 1295 516 1325 mala.
564 1295 607 1325 Ut
635 1296 826 1337 antiquitate
857 1298 977 1328 socium
1009 1299 1120 1335 vincit,
1155 1299 1199 1329 ita
1227 1309 1290 1329 non
1319 1309 1390 1329 raro
1420 1299 1452 1330 in
1480 1300 1594 1330 melius
1623 1299 1663 1330 ab
1693 1309 1731 1330 eo
1765 1297 1903 1329 discedit
1928 1297 2015 1339 (vide
2044 1297 2074 1328 in

424 1347 578 1377 laterculo
604 1358 632 1388 p.
651 1347 848 1391 CXXVseq.
866 1350 953 1380 locos
975 1352 1042 1385 102,
1060 1363 1081 1381 s.
1111 1352 1178 1386 105,
1197 1364 1230 1382 ιι.
1260 1353 1327 1385 122,
1345 1364 1364 1382 5.
1395 1353 1509 1387 124,1e.
1538 1354 1607 1388 153,
1621 1364 1642 1382 ε.
1672 1353 1740 1387 154,
1754 1363 1776 1382 ε.
1793 1362 1814 1382 9.
1842 1352 1911 1389 157,
1930 1363 1949 1381 ι.
1976 1351 2046 1387 170,
2064 1362 2076 1380 ’.1

430 1400 531 1433 173,4.
568 1401 636 1437 190,
655 1413 686 1431 ιε).
720 1402 826 1435 208,9.
844 1414 876 1432 ιο.
909 1404 981 1439 214,
1000 1415 1031 1433 ιι.
1050 1402 1098 1443 21)
1130 1402 1188 1434 sed
1217 1413 1234 1434 e
1266 1403 1424 1434 contrario
1457 1404 1564 1434 multis
1593 1404 1671 1434 locis
1699 1403 1800 1444 magis
1830 1404 1997 1443 corruptus
2027 1404 2076 1432 est

423 1461 485 1480 non
510 1451 611 1481 solum
636 1451 752 1482 additis
777 1453 938 1484 erroribus
956 1456 1041 1493 (143,
1059 1467 1079 1486 7.
1110 1456 1176 1490 187,
1194 1468 1214 1486 s.
1243 1456 1310 1494 194,
1327 1454 1353 1495 4)
1379 1455 1436 1486 sed
1455 1456 1552 1486 etiam
1572 1455 1819 1497 interpolatione
1843 1454 1976 1485 ulterius
2000 1464 2072 1495 pro-

423 1503 488 1533 lata
512 1504 597 1541 (134,
615 1515 648 1534 25.
679 1506 745 1544 147,
761 1517 782 1537 4.
815 1507 880 1543 177,
899 1518 918 1536 ¹1.
950 1508 1016 1545 158,
1034 1519 1053 1537 7.
1086 1508 1152 1543 194,
1171 1506 1207 1547 s).

524 1563 728 1595 Florentinus
758 1565 993 1597 Laurentianus
1025 1567 1101 1608 plut.
1134 1567 1242 1598 LXVI
1267 1568 1336 1599 cod.
1354 1570 1394 1599 35
1419 1579 1502 1599 saec.
1522 1568 1585 1598 XV
1618 1567 1741 1609 (Waitz
1773 1567 1892 1598 Archiv
1931 1569 1976 1603 10,
1994 1568 2073 1599 464;

422 1615 593 1646 Duchesne
618 1617 679 1646 vol.
705 1620 713 1647 1
750 1628 780 1658 p.
797 1617 860 1649 CC.
897 1618 995 1649 CCII.
1033 1618 1151 1650 CCIII.
1182 1620 1244 1651 vol.
1263 1622 1281 1650 2
1310 1631 1340 1661 p.
1361 1619 1419 1661 II).
1474 1620 1601 1651 Absunt
1630 1631 1649 1650 a
1680 1620 1761 1651 libro
1779 1622 1826 1652 vet
1855 1618 2074 1661 praefationes

421 1666 697 1708 Hieronymianae
723 1672 755 1699 et
779 1669 876 1700 index
901 1671 1138 1712 episcoporum:
1164 1675 1236 1713 post
1259 1673 1393 1714 paginas
1418 1672 1572 1714 quasdam
1596 1682 1714 1703 vacuas
1739 1672 1867 1703 relictas
1891 1671 2071 1713 praescrip-

422 1719 462 1749 tis
486 1720 593 1750 verbis
619 1720 730 1759 incipit
753 1721 901 1752 chronica
919 1723 1108 1761 pontificma
1126 1724 1238 1765 incipit
1265 1736 1282 1754 a
1298 1724 1364 1754 vita
1382 1724 1479 1759 Petri,
1504 1725 1572 1755 finit
1595 1725 1626 1755 in
1645 1724 1809 1765 Stephano
1826 1723 1856 1754 V
1874 1721 2072 1763 (885—891)

422 1770 509 1802 verb.
535 1782 565 1812 p.
588 1773 654 1807 195,
671 1784 683 1803 9
707 1772 810 1803 Duch.
831 1784 926 1812 super
950 1774 1051 1805 altare
1074 1776 1200 1816 paginis
1225 1776 1371 1818 pluribus
1395 1779 1468 1818 post
1492 1787 1531 1807 ea
1548 1776 1656 1808 vacuis
1672 1776 1800 1807 relictis.
1828 1794 1864 1797 —
1891 1775 1952 1811 Qui
1976 1775 2073 1816 scrip-

422 1823 461 1853 sit
484 1823 599 1854 librum
625 1823 858 1866 dittographias
883 1826 1038 1867 quasdam
1070 1828 1102 1858 in
1127 1828 1230 1870 ipsum
1256 1831 1382 1859 textum
1406 1828 1534 1860 admisit
1558 1829 1747 1870 plerumque
1779 1828 1955 1870 praemisso
1979 1837 2073 1859 voca-

423 1874 497 1905 bulo
521 1878 576 1906 aut
598 1875 644 1906 rel
666 1880 721 1906 aut
744 1876 845 1907 alias:

599 1930 648 1964 30,
667 1941 688 1958 ιι
713 1932 788 1959 ante
812 1930 968 1971 templum
992 1929 1142 1973 palladis]
1170 1942 1199 1963 a.
1226 1934 1247 1962 t.
1273 1932 1407 1974 apolinis

598 1982 677 2018 46,1
702 1990 759 2021 per
782 1980 947 2023 ecclesias]
973 1982 1005 2012 in
1029 1983 1166 2014 ecclesia

601 2033 650 2067 57,
668 2044 679 2062 2
703 2032 896 2075 recondidit]
922 2033 1115 2065 reconderet

600 2085 650 2114 63,
667 2096 678 2113 2
703 2094 744 2113 ex
769 2095 845 2115 auro
871 2085 1053 2128 purissimo]
1079 2086 1175 2125 IE¹‚
1195 2097 1326 2118 auream
1344 2087 1394 2125 II,
1420 2097 1552 2118 auream
1578 2098 1619 2118 ex
1644 2098 1721 2118 auro
1746 2088 1914 2129 purissimo
1931 2087 1983 2118 Ε6

585 2137 650 2165 14⁴.
670 2148 680 2164 ⁵
704 2136 984 2179 contirniauerunt]
1012 2137 1241 2169 ordinauerunt

584 2189 651 2218 12⁸4.
671 2199 682 2217 5
705 2187 903 2229 nouembris]
930 2188 1111 2220 decembris

579 2239 650 2269 2053.
671 2252 691 2269 ιι
718 2239 897 2281 transitum]
924 2241 1062 2282 spatium

424 2300 555 2330 quarum
590 2290 764 2331 pleraeque
799 2292 829 2322 in
865 2292 936 2322 aliis
973 2293 1061 2323 libris
1100 2304 1160 2323 non
1194 2293 1368 2324 redeuntes
1399 2304 1454 2335 pro
1491 2294 1682 2325 coniecturis
1721 2294 1891 2325 habendae
1926 2298 1999 2326 sunt
2033 2305 2074 2326 ex

423 2342 567 2382 margine
592 2342 758 2383 archetypi
785 2344 815 2373 in
840 2347 964 2374 textum
989 2349 1153 2386 receptae,
1178 2349 1291 2386 quarta
1316 2349 1437 2376 eertum
1461 2347 1741 2377 contaminationis
1764 2346 1913 2377 indicium
1939 2357 2015 2388 prae
2040 2357 2074 2377 se

425 2393 494 2422 t'ert.
543 2392 717 2424 Confirmat
750 2394 781 2425 id
806 2406 888 2436 quae
914 2396 953 2426 de
985 2398 1087 2437 spatio
1121 2396 1224 2438 Sergii
1249 2397 1264 2427 Ι
1290 2397 1338 2427 bis
1364 2398 1393 2428 in
1418 2398 1499 2428 libro
1533 2399 1696 2429 enuntiato
1730 2398 1811 2429 infra
1846 2409 1874 2440 p.
1901 2398 2075 2429 CXXXIV

424 2444 627 2476 adnotantur.
688 2446 918 2478 Additamenta
957 2448 1114 2489 quaedam
1150 2449 1348 2481 recentiora.
1384 2450 1599 2481 narrationem
1635 2450 1675 2481 de
1710 2450 1904 2481 monasterio
1946 2449 2073 2481 Puden-

425 2496 530 2526 tianae
561 2499 604 2527 11.
624 2510 645 2528 17
671 2502 703 2528 et
727 2503 880 2540 excerpta
899 2510 939 2529 ex
959 2500 1091 2531 concilio
1111 2500 1306 2531 Sinuessano
1325 2504 1374 2531 41.
1392 2514 1403 2531 s
1428 2502 1608 2532 rettulimus
1632 2502 1662 2532 in
1679 2502 1866 2533 laterculum
1891 2513 1921 2543 p.
1940 2501 2073 2538 CXXV,

426 2549 574 2588 quoniam
600 2550 718 2580 faciunt
743 2550 782 2580 ad
808 2551 948 2592 origines
972 2551 1116 2582 codicum
1143 2553 1353 2593 posteriorum
1373 2553 1641 2584 determinandas.
1666 2573 1706 2576 —
1731 2553 1989 2595 Orthographica
2013 2553 2073 2584 lib-

427 2600 528 2629 rarius
564 2601 681 2631 sacculi
712 2601 773 2632 XV
809 2602 848 2633 ad
885 2613 961 2633 suae
999 2605 1114 2634 aetatis
1145 2604 1409 2635 consuetudinem
1444 2606 1580 2636 mutavit
1609 2616 1668 2636 nec
1699 2606 1756 2636 nisi
1789 2616 1860 2636 raro
1887 2605 1937 2646 (ut
1965 2607 2031 2643 145,
2049 2618 2074 2635 2¹2

426 2651 603 2688 laniarunt*
630 2657 755 2683 vetusta
780 2659 975 2686 manserunt.
1029 2655 1234 2697 Quapropter
1264 2657 1292 2687 in
1326 2660 1482 2698 apparatu
1508 2657 1651 2688 codicem
1677 2660 1809 2688 eatenus
1833 2657 1936 2698 sprevi
1961 2659 1993 2687 et
2016 2658 2073 2688 mi-

429 2712 505 2731 nora
528 2702 607 2733 haec
632 2715 702 2734 raro
730 2705 802 2735 inde
827 2707 944 2737 rettuli.

532 2762 666 2793 Duobus
691 2765 778 2795 libi-is
792 2765 948 2797 Vaticano
967 2769 1043 2797 3761
1066 2778 1148 2798 saec.
1166 2768 1256 2804 Xfxl
1274 2784 1311 2793 z
1333 2768 1362 2798 G
1386 2771 1419 2799 et
1434 2768 1651 2799 Laurentiano
1668 2770 1718 2807 66,
1735 2780 1759 2799 ³⁵
1787 2778 1870 2799 saec.
1888 2768 1949 2798 XV
1968 2784 2005 2794 --
2024 2769 2074 2799 Ε8

429 2814 556 2854 propria
582 2821 627 2843 ost
654 2817 884 2848 contaminatio
910 2829 981 2849 cum
1007 2819 1107 2849 classe
1132 2820 1244 2860 prima,
1269 2820 1390 2850 seilicet
1405 2820 1436 2851 in
1454 2821 1594 2862 corporis
1619 2823 1709 2862 parte
1733 2819 1841 2852 media
1864 2830 1883 2851 a
1898 2819 2041 2852 Iohanne
2059 2821 2074 2852 I
