2245 3213
438 209 500 238 262

722 293 947 320 FELICIANA

437 345 590 375 abscondi
616 346 791 387 praecepit.

437 405 611 435 Venientes
629 416 704 436 vcro
728 406 772 436 hii
796 416 891 447 supra
908 405 983 436 dicti
1000 406 1056 436 viri
1080 407 1229 438 inlustres

435 467 505 486 cuni
531 457 673 487 Iohanne
700 458 862 498 episcopo,

435 517 539 546 omnia
564 527 621 557 per
645 517 788 548 ordinem
814 521 900 555 acta,
925 517 1066 559 Agapito
1098 519 1231 559 patricio

435 567 585 598 defuneto
610 569 640 598 in
666 568 809 603 Greeias,

433 629 575 669 suscepti
599 632 670 658 sunt
695 639 712 658 a
737 639 815 670 rege
833 628 1035 659 Theoderico
1061 639 1131 659 cum
1157 628 1231 660 dolo

434 693 466 718 et
489 688 612 729 grande
645 689 718 719 odio
748 689 909 719 Iohannes
941 690 1110 730 episcopus
1135 690 1231 720 etiam

435 744 467 770 ct
491 746 656 771 senatores
680 741 764 771 viros
791 741 940 771 inlustres
971 741 1139 782 religiosus
1163 751 1230 771 sus-

435 793 530 833 cepit.
572 792 659 827 Quos
676 793 785 834 itaque
810 803 880 823 cum
898 796 987 823 tanta
1011 792 1230 833 indignatione

431 844 617 885 suscipiens,

432 902 538 943 gladio
564 913 619 933 eos
643 903 743 934 voluit
766 904 889 946 punire,
914 904 972 935 sed
996 908 1143 935 metuens

430 962 650 1003 indignatione

430 1024 542 1054 Iustini
568 1025 651 1066 Aug.

430 1084 612 1116 orthodoxi.
638 1095 700 1115 non
724 1085 812 1115 fecit:

429 1149 537 1175 tamen
569 1146 600 1175 in
625 1145 767 1175 custodia
797 1155 908 1175 omnes
932 1146 1102 1185 cremavit,
1126 1146 1170 1176 ita
1193 1150 1229 1177 ut

428 1197 542 1227 beatus
567 1197 727 1227 Iohannes

428 1268 514 1299 papa

426 1318 458 1348 in
483 1316 628 1348 custodia

428 1377 609 1408 adflictione

425 1443 607 1469 maceratus

426 1498 578 1529 deficiens

425 1563 614 1590 moreretur.

427 1619 488 1655 Qui
511 1630 588 1651 vero
613 1619 782 1651 defunctus
807 1622 856 1650 est

426 1681 584 1712 Ravenna

427 1752 497 1772 cum
522 1741 624 1782 gloria

426 1801 489 1832 XV
512 1802 556 1832 kl.
580 1801 660 1840 Iun„

426 1861 457 1891 in
482 1861 627 1892 custodia
650 1861 736 1902 regis
761 1859 962 1891 Theoderici.

426 1922 503 1952 Post
535 1922 595 1952 hoc
624 1925 701 1952 nutu
733 1920 784 1952 dei
820 1921 1049 1962 omnipotentis
1081 1921 1226 1952 XLVIII

426 1972 476 2003 die

425 2033 595 2070 postquam
614 2029 783 2060 defunctus
809 2032 857 2059 est
873 2029 1034 2060 Iohannes
1057 2029 1225 2070 episcopus

425 2080 456 2110 in
481 2080 634 2120 custodia,

424 2136 529 2166 subito
561 2136 781 2167 Theodericus
811 2146 870 2167 rex
902 2136 1021 2167 interiit
1058 2135 1224 2167 divinitate

424 2198 603 2228 percussus.

423 2392 484 2422 Hic
509 2392 726 2423 ordinationes
751 2394 827 2424 fecit

424 2522 481 2552 per
508 2512 586 2542 local.
634 2512 780 2543 Cessavit
805 2513 1008 2555 episcopatus
1033 2513 1100 2544 dies
1125 2514 1164 2544 X.

466 2622 659 2663 1.x'14F1-:1,1x‚
693 2625 821 2655 natione
856 2625 1018 2665 Samnita,
1051 2635 1091 2655 ex
1126 2629 1217 2667 patre

422 2672 577 2704 (historio.
603 2675 686 2706 sedit
709 2686 780 2706 ann.
807 2676 839 2707 II
864 2676 932 2707 dies
956 2676 1073 2715 XIIII,
1099 2688 1117 2707 a
1141 2688 1216 2708 con-

421 2725 524 2754 solato
549 2726 663 2757 Aburti
688 2738 789 2768 usque
813 2728 844 2758 in
869 2729 1034 2759 consulato
1059 2728 1217 2770 Lampadi

422 2782 453 2805 et
479 2776 602 2814 Oristis,
627 2789 645 2807 a
669 2778 720 2808 die
746 2779 810 2809 IIII
834 2779 875 2809 id.
900 2780 958 2810 Iul.
983 2790 1084 2822 usque
1109 2781 1139 2811 in
1164 2780 1216 2811 die

422 2827 483 2857 llll
511 2827 551 2858 id.
577 2830 691 2859 octob.

1154 209 1369 236 EPJTOMAE

1576 297 1806 326 GONONJANA

1287 348 1444 380 abscondi
1467 351 1642 392 praecepit.

1288 417 1429 449 Veniens
1457 429 1532 449 vero
1564 418 1722 450 Iohannes
1752 431 1837 462 papa
1866 432 1938 452 cum
1971 432 2066 464 supra

1288 470 1380 500 dictis
1402 470 1477 501 viris
1500 471 1650 509 inlustris,

1286 633 1425 674 susecpti
1449 637 1521 664 sunt
1544 644 1562 664 a
1586 634 1786 665 Theoderico
1812 635 1843 665 in
1868 634 1956 665 dolo:

1284 907 1385 938 voluit
1411 918 1466 938 eos
1491 907 1599 949 gladio
1623 909 1744 950 ponire,
1769 909 1827 940 sed
1850 911 1997 939 metuens

1283 1027 1396 1059 Iustini
1418 1027 1502 1070 Aug.

1283 1151 1391 1179 tamen
1414 1149 1446 1179 in
1474 1148 1618 1179 custodia
1643 1159 1753 1180 omnes
1782 1150 1950 1189 cremavit,
1976 1150 2021 1181 ita
2043 1153 2078 1181 ut

1282 1200 1396 1230 beatus
1420 1200 1581 1231 Iohannes

1282 1320 1313 1350 in
1338 1319 1484 1350 custodia

1281 1444 1462 1472 maceratus

1281 1565 1460 1592 moreretur

1280 1682 1311 1712 in
1335 1682 1492 1713 Ravenna

1279 1802 1343 1833 XV
1366 1803 1397 1833 k.
1422 1802 1490 1833 Iun.

1279 1922 1368 1954 Tunc
1392 1926 1464 1964 post
1488 1922 1631 1953 XCVIII
1657 1922 1725 1953 dies

1278 2137 1496 2168 Theodericus
1519 2147 1577 2168 rex
1601 2138 1732 2168 fulmine
1750 2147 1919 2179 percussus
1944 2137 2074 2168 interiit.

1277 2231 1414 2262 Adtullit
1438 2234 1546 2262 autem
1570 2230 1684 2262 beatus
1710 2221 1870 2262 Iohannes
1896 2230 1935 2261 de
1955 2230 2073 2262 Grecia

1277 2293 1353 2313 auro
1378 2283 1514 2324 gemmis
1538 2287 1738 2325 argentoque
1769 2283 1940 2314 exornavit
1962 2282 2073 2313 basili-

1277 2345 1330 2365 cas
1354 2335 1480 2365 multas.

1276 2394 1368 2425 Fecit
1393 2393 1610 2425 ordinationes

1277 2455 1501 2496 episcoporum

1276 2524 1333 2555 per
1357 2514 1483 2545 diversa
1506 2514 1587 2545 loca.
1641 2513 1683 2544 Et
1707 2513 1843 2544 cessavit
1867 2514 2070 2555 episcopatus

1246 2573 1247 2578 ¹
1275 2565 1343 2596 dies
1367 2565 1491 2597 LVIII.

1318 2636 1375 2657 ινι.
1400 2626 1518 2665 Ει-ᾺΛΧ,
1551 2626 1681 2656 natione
1710 2624 1873 2664 Samnius,
1908 2635 1950 2655 ex
1979 2627 2072 2666 patre

1246 2676 1247 2679 ’
1274 2677 1429 2715 Castorio,
1454 2677 1537 2708 sedit
1560 2687 1609 2707 an.
1625 2676 1692 2707 ΙΠΙ
1716 2687 1815 2707 mens.
1835 2676 1866 2706 II
1891 2675 1958 2706 dies
1979 2676 2072 2715 XIII,

1245 2748 1246 2751 =
1272 2739 1291 2758 a
1319 2728 1486 2759 consulatu
1514 2728 1654 2759 Maburti
1685 2738 1785 2770 usque
1815 2728 1846 2758 in
1871 2727 2070 2758 consulatum

1245 2773 1246 2783 ¹
1272 2779 1430 2821 Lampadi
1469 2784 1501 2810 et
1538 2780 1676 2817 Orestis,
1715 2790 1734 2810 a
1769 2779 1820 2810 die
1851 2779 1918 2810 IIII
1944 2779 1987 2810 id.
2013 2779 2071 2810 Iul.

1271 2842 1372 2874 usque
1396 2831 1427 2862 in
1452 2831 1536 2863 diem
1560 2831 1626 2862 IIII
1650 2831 1690 2862 id.
1717 2831 1787 2862 Oct.
