2245 3213
268 864 289 886 A!
300 863 305 877 ¹
321 863 378 887 (ῚΆΙΙ.

392 205 505 232 LXXIV
1086 201 1372 229 PROLEGOMENA.

393 292 434 324 ad
452 291 675 333 Burgundiam
700 294 732 322 et
748 290 976 321 monasterium
995 288 1124 330 quidem
1139 287 1382 320 Flaviniacense
1407 288 1564 319 dioecesis
1580 287 1890 330 Augustodunensis.
1935 286 2044 328 Ipsam

395 345 558 386 epitomen
584 343 706 384 origine
731 342 889 373 Gallicam
915 351 986 371 csse
1011 350 1206 381 quamquam
1230 339 1444 371 demonstrari
1472 350 1535 371 non
1562 343 1686 382 potest,
1721 342 1808 370 certe
1837 341 1912 370 ante
1937 349 1964 369 a.
1983 339 2038 368 741

393 397 424 426 in
451 395 589 426 Galliam
613 395 771 436 pervenit,
796 403 900 435 neque
924 392 1082 423 habemus
1107 394 1224 423 testem
1249 391 1320 422 libri
1337 391 1535 423 Pontificalis
1559 395 1652 423 extra
1674 391 1802 422 Italiam
1817 390 1961 432 usurpati
1984 389 2044 420 hoe

395 452 541 488 tompore
565 446 770 477 anteriorem.

502 497 681 528 Edidernnt
705 496 869 537 epitomen
893 493 1114 525 Cononianam
1140 494 1203 526 Ios.
1228 493 1399 525 Bianchini
1414 493 1577 525 Francisci
1601 493 1707 525 fratris
1729 493 1813 525 filius
1834 493 1866 524 in
1882 491 2046 523 Anastasii

394 561 423 591 q.
449 549 478 580 d.
504 549 564 579 vol.
583 548 628 579 lv
654 548 766 589 (1735)
800 546 974 588 p.1—XII
1009 546 1051 577 ad
1082 546 1198 577 librum
1222 545 1462 584 Veronenscm,
1497 545 1614 577 deinde
1652 545 1693 577 ad
1725 545 1841 577 librum
1875 548 2045 586 utrumque

395 600 606 631 Duchesnius.
650 598 717 630 Nos
746 601 869 640 partem
901 598 1115 636 anteriorem,
1149 601 1306 639 quatenus
1333 597 1481 639 pervenit
1503 597 1682 636 Feliciaua,
1707 597 1865 628 edidimus
1888 607 1952 627 una
1975 607 2045 627 cum

396 653 455 683 hac
480 653 680 683 coniunctam
706 662 736 692 p.
755 651 925 681 2221—263
951 651 1018 681 sine
1044 654 1212 692 apparatu,
1238 650 1398 691 integram
1423 660 1494 680 cum
1511 652 1669 691 apparatu
1692 660 1755 680 una
1779 660 1850 680 eum
1868 646 2047 680 Pontificali

394 705 530 745 integro.

798 787 1001 820 CODIOYM
1024 787 1270 819 PLENORVM
1294 787 1473 819 OLASSIS
1497 786 1648 819 PRIMA.

506 859 662 890 Lucensis
679 858 897 889 bibliothecae
916 858 1100 899 capitularis
1119 859 1180 888 490
1209 868 1292 889 saec.
1310 857 1394 888 VIII
1412 867 1462 888 ex.
1483 857 1599 897 (Duch.
1617 868 1646 899 p.
1669 856 1806 888 CLXIV
1816 857 1896 897 seq.)
1915 855 2049 897 scriptus

397 911 526 941 omnino
550 910 612 949 ibi,
645 913 679 940 ut
707 910 788 940 infra
821 909 1008 951 apparebit,
1032 909 1087 939 ubi
1111 908 1215 939 adhuc
1240 911 1394 939 servatur.
1450 908 1576 939 Contuli
1606 909 1675 950 ipse
1706 908 1830 939 Romae
1854 908 1985 938 missum
2010 917 2048 938 eo

395 962 672 993 intercedentibus
697 962 733 992 iis
758 962 810 1003 qui
836 964 988 1002 praesunt
1010 961 1228 992 bibliothecae
1253 960 1441 991 Vaticanae.
1487 960 1714 992 Adhibuerunt
1737 961 1853 992 librum
1878 960 2049 1001 Vignolius

395 1016 426 1046 in
452 1014 610 1045 addendis
628 1014 797 1044 voluminis
815 1014 910 1053 tertii,
928 1013 1022 1044 Dom.
1040 1012 1154 1050 Mansi,
1171 1012 1379 1044 Bianchinius
1396 1012 1479 1052 (cod.
1496 1012 1655 1043 Vallicell.
1672 1012 1976 1044 Bianchinianorum
1992 1011 2050 1053 D),

399 1067 538 1108 denique
562 1076 666 1108 nuper
695 1066 899 1096 Duchesnius
930 1065 1189 1106 diligentissime,
1215 1065 1299 1096 hunc
1322 1065 1438 1096 librum
1463 1065 1603 1095 omnium
1634 1064 1731 1095 hodie
1756 1064 1962 1105 superstitum
1986 1063 2050 1104 pri-

398 1120 533 1150 marium
567 1128 638 1149 esse
672 1121 759 1149 recto
796 1117 912 1148 iudicio
947 1117 1117 1148 adsecutus
1130 1117 1165 1158 ¹).
1228 1116 1342 1147 Codex
1372 1117 1456 1147 inter
1486 1116 1654 1147 historicos
1684 1116 1853 1157 singularis
1884 1118 1917 1146 et
1943 1115 2050 1146 multi-

400 1171 512 1202 fariam
537 1170 657 1211 utilis‘u')
683 1172 834 1200 exaratus
865 1172 914 1200 est
945 1180 963 1200 a
986 1169 1121 1200 librariis
1146 1168 1362 1210 compluribus
1391 1171 1424 1199 et
1447 1168 1576 1199 omnino
1607 1168 1806 1210 temporibus
1837 1167 1970 1198 diversis
1993 1166 2051 1198 sub

507 1249 526 1282 ¹)
545 1250 649 1273 Error-es
667 1248 717 1272 rari
736 1251 804 1278 sunt,
823 1251 852 1272 ut
870 1246 910 1278 21,
926 1254 935 1271 1
956 1247 1120 1272 Ducliesnius
1132 1248 1168 1272 ait
1186 1247 1312 1279 reqionem
1329 1247 1419 1272 abesse
1437 1254 1453 1271 a
1471 1246 1566 1275 codice,
1585 1254 1644 1271 cum
1663 1247 1742 1278 adsit,
1760 1249 1785 1271 et
1803 1245 1844 1276 47,
1855 1252 1879 1271 ιι
1898 1245 2053 1270 contendens

399 1295 450 1326 legi
469 1293 647 1323 diocletianas,
665 1300 724 1316 cum
743 1292 769 1316 in
788 1291 874 1316 codice
893 1291 926 1316 sit
944 1291 1110 1315 domitianas.
1146 1292 1218 1315 Haec
1230 1299 1286 1315 mea
1298 1291 1375 1315 editio
1389 1291 1425 1315 ita
1438 1291 1508 1315 facta
1521 1294 1566 1321 est,
1582 1294 1611 1314 ut
1623 1298 1688 1322 quae
1707 1290 1737 1314 de
1755 1290 1840 1315 codice
1853 1290 1927 1314 affert
1940 1289 2053 1313 Ducbes-

399 1339 457 1362 nius
476 1337 561 1361 onmia
579 1336 610 1360 ad
628 1336 712 1368 ipsum
732 1338 980 1367 recognoscerentur.
1124 1334 1146 1365 ²)
1166 1335 1237 1365 Quae
1256 1338 1388 1367 praeterea
1410 1334 1476 1358 libro
1494 1334 1657 1358 continentur
1676 1334 1795 1366 primario
1819 1337 1845 1358 et
1867 1333 2054 1364 antiquissimo,

402 1389 520 1407 enarrare
540 1379 637 1412 placuit
655 1379 745 1403 habita
765 1379 862 1402 ratione
882 1386 969 1402 eorum
989 1386 1054 1409 quae
1074 1377 1104 1402 de
1118 1378 1204 1402 codice
1222 1378 1271 1402 hoc
1288 1377 1446 1409 scripserunt
1457 1376 1583 1401 Mabillon
1597 1376 1672 1406 (mus.
1686 1376 1743 1400 Ital.
1758 1376 1780 1405 1,
1796 1383 1804 1400 1
1823 1384 1847 1401 a.
1861 1374 1928 1400 1724
1947 1384 1970 1407 p.
1986 1374 2054 1406 186),

402 1425 454 1449 lob.
475 1425 548 1447 Dom.
567 1422 653 1447 Mansi
671 1421 795 1452 (raccolta
816 1421 941 1453 Caloyerit
966 1421 1016 1445 vol.
1029 1419 1064 1445 45
1077 1421 1190 1445 Venetiis
1210 1419 1275 1445 1751
1296 1429 1319 1453 p.
1334 1419 1364 1444 71
1376 1419 1448 1452 seq.)‚
1468 1420 1643 1445 Bethmannus
1667 1419 1775 1450 (Archiv
1795 1418 1834 1448 12,
1848 1417 1917 1449 704),
1936 1418 2054 1443 Ewaldus

401 1469 487 1497 (venes
506 1466 602 1490 Archiv
620 1464 644 1496 3,
657 1464 727 1495 342).
747 1465 831 1490 Waitz
852 1464 939 1495 (neues
957 1463 1053 1488 Archiv
1073 1463 1112 1494 10,
1125 1463 1204 1495 456),
1224 1464 1333 1495 denique
1352 1464 1524 1488 Duchesnius.
1569 1464 1699 1488 Foliorum
1717 1463 1818 1487 numeri
1835 1470 1917 1494 nuper
1934 1461 2055 1493 adscripti

402 1515 469 1535 sunt.
506 1509 694 1540 Quaternioues
713 1507 787 1539 primi
806 1508 892 1532 XXIV
911 1515 1031 1532 numeros
1054 1507 1150 1532 habent
1173 1507 1351 1532 habueruntve
1374 1507 1400 1531 in
1419 1507 1485 1531 foliis
1504 1506 1623 1531 extremis
1641 1506 1753 1531 adiectos
1772 1514 1824 1530 non
1841 1513 1858 1530 a
1875 1505 1993 1536 librariis,
2012 1504 2055 1529 sed

402 1555 435 1580 ab
455 1553 615 1579 emendatore
634 1551 731 1577 saeculi
750 1551 858 1576 sortasse
877 1551 926 1581 XI;
946 1550 1038 1582 reliqui
1056 1550 1126 1575 hisce
1145 1551 1258 1575 numeris
1277 1553 1372 1575 carent.

557 1595 586 1626 (f.
601 1596 614 1620 1
634 1595 763 1620 adiectum
782 1598 820 1618 est
838 1602 854 1619 a
872 1593 1039 1626 bibliopega.)

528 1639 550 1664 1.
570 1640 587 1664 f.
600 1636 668 1663 2-9
689 1636 723 1670 [q.
737 1636 772 1670 1],
803 1638 820 1662 f.
835 1635 935 1661 10—17
955 1645 979 1668 q.
992 1638 1029 1667 ΙΙ,
1057 1637 1073 1660 f.
1088 1635 1190 1660 18-25
1209 1644 1233 1668 q.
1247 1637 1298 1667 ΙΠ,
1326 1636 1343 1661 f.
1357 1634 1461 1660 26-30
1480 1633 1513 1668 [q.
1527 1634 1572 1668 lv]
1596 1635 1718 1660 chronica
1740 1635 1903 1667 Hieronymi:
1931 1634 2058 1666 incipiunt

611 1681 711 1706 omissis
730 1681 931 1713 praefationibus
946 1680 1048 1712 primus
1066 1679 1147 1704 omnis
1166 1679 1258 1710 Asiae,
1277 1679 1370 1704 finiunt
1388 1679 1555 1710 suspicionem
1574 1682 1690 1710 acceptae
1703 1678 1831 1710 pecuniae
1848 1677 1963 1702 intulerit
1981 1675 2055 1709 (Abr.

609 1723 686 1754 2389,
706 1733 718 1748 e
737 1722 872 1755 Schoene).
908 1723 1073 1755 Adscriptum
1092 1727 1130 1747 est
1148 1723 1175 1747 in
1193 1723 1257 1747 fine:
1277 1731 1293 1746 a
1312 1722 1497 1747 resurrectione
1516 1722 1613 1746 domini
1635 1721 1717 1746 nostri
1735 1721 1796 1746 Iesu
1816 1721 1910 1746 Christi
1926 1729 2004 1752 usque
2022 1721 2058 1745 ad

606 1776 714 1799 presens
738 1775 836 1791 aunum
864 1766 952 1791 Caroli
975 1766 1042 1799 regis
1064 1766 1091 1790 in
1110 1765 1327 1797 Lanyubardiam
1351 1766 1378 1790 in
1396 1773 1479 1790 mense
1498 1764 1668 1796 Septembrio,
1687 1764 1790 1797 quando
1809 1765 1848 1789 sol
1866 1763 1980 1796 equpsin
1997 1762 2059 1795 [796

611 1811 680 1843 Sept.
693 1809 722 1843 6]
736 1810 831 1841 patuit,
851 1810 877 1834 1⁴72
897 1809 1032 1834 indictione
1052 1808 1081 1832 X
1096 1809 1160 1833 anni
1177 1813 1236 1833 sunt
1253 1808 1413 1833 DC'CLXII
1434 1816 1467 1832 m.
1487 1808 1514 1832 V.
1539 1820 1571 1825 —
1594 1809 1624 1832 In
1643 1808 1710 1832 foliis
1729 1806 1771 1833 30.
1789 1806 1821 1833 31
1841 1807 1925 1840 spatIa
1947 1807 2058 1839 primum

612 1862 694 1878 vacua
713 1854 802 1878 relicta
822 1857 879 1885 post
897 1856 997 1885 tempus
1016 1853 1117 1884 expleta
1135 1856 1196 1877 sunt
1215 1851 1424 1883 ant(iphonario)
1440 1859 1489 1883 per
1507 1851 1571 1876 anni
1589 1851 1720 1876 circulum.

526 1898 549 1924 2.
569 1899 586 1923 f.
599 1896 713 1922 32-351
732 1895 782 1927 (35¹
803 1895 886 1927 vacat)
906 1905 929 1928 q.
942 1897 964 1920 V
988 1896 1078 1921 Isidori
1103 1896 1225 1920 chronica
1248 1895 1316 1920 edita
1341 1896 1366 1920 in
1391 1895 1517 1920 chronicis
1540 1894 1682 1919 minoribus
1704 1894 1768 1919 meis
1794 1894 1842 1918 hoc
1865 1893 1951 1918 codice
1969 1892 2029 1923 (vol.
2042 1892 2058 1917 2

612 1950 636 1974 p.
650 1940 711 1971 396)
730 1940 852 1964 adhibito.

527 1985 550 2010 3.
570 1986 587 2009 f.
600 1982 703 2009 36—39
722 1992 745 2015 q.
759 1984 789 2013 V,
809 1984 825 2007 f.
839 1981 941 2007 40—47
961 1991 985 2014 q.
999 1982 1042 2013 VI,
1062 1983 1079 2007 f,
1093 1981 1126 2007 48
1145 1991 1169 2014 q.
1184 1982 1232 2006 VII
1250 1982 1267 2006 f.
1283 1981 1296 2006 1
1316 1981 1405 2006 Isidori
1424 1981 1489 2006 liber
1507 1981 1538 2005 de
1556 1980 1647 2006 officiis
1666 1979 1852 2005 ecclesiasticis.

526 2027 550 2053 4.
570 2029 587 2052 f.
601 2025 728 2052 cliv—132⁴
749 2035 772 2058 q.
787 2027 833 2050 vn
853 2027 868 2050 f.
884 2024 900 2050 2
920 2039 950 2042 -
971 2024 1062 2057 [ternio
1081 2023 1164 2057 XVII]
1183 2025 1289 2050 historia
1308 2025 1481 2050 ecclesiastica
1500 2024 1604 2049 Eusebii
1623 2032 1639 2049 a
1657 2023 1750 2048 Rufino
1768 2031 1850 2048 versa.
1881 2023 1974 2055 Incipit
1986 2022 2058 2054 peri-

615 2075 698 2095 torum
722 2069 810 2094 dicum
832 2077 884 2093 esse
906 2068 1076 2100 medicorum,
1102 2068 1158 2093 finit
1176 2068 1298 2100 praemia
1320 2068 1476 2092 meritorum.
1523 2067 1709 2098 Quaterniones
1732 2066 1851 2091 historiae
1874 2066 2060 2091 ecclesiasticae

615 2113 710 2138 habent
728 2116 861 2145 praeterea
878 2120 997 2136 numeros
1017 2111 1144 2144 propr10s‚
1165 2111 1207 2136 sed
1234 2111 1264 2136 iis
1283 2111 1328 2143 qui
1346 2111 1378 2136 ad
1396 2111 1545 2136 universum
1563 2110 1684 2135 volumen
1703 2104 1831 2143 pertinent
1848 2110 2007 2142 posteriores.
2028 2121 2059 2126 —-

616 2158 646 2181 In
665 2156 787 2180 ternionis
806 2156 878 2179 XVII
904 2155 970 2180 soliis
990 2155 1090 2179 duobus
1116 2155 1236 2179 extremis
1256 2153 1305 2179 132
1323 2155 1366 2179 fin.
1386 2158 1412 2179 et
1436 2153 1485 2179 133
1508 2162 1524 2178 a
1546 2154 1626 2186 primo
1650 2154 1752 2178 librario
1771 2153 1861 2178 vacuis
1879 2153 1982 2179 relictis.
2000 2152 2059 2176 item

616 2201 642 2224 in
661 2200 743 2224 tribus
763 2198 831 2223 soliis
851 2203 938 2231 postea
957 2199 1058 2223 insertis
1077 2198 1152 2222 hodie
1172 2199 1188 2222 f.
1203 2196 1261 2222 134.
1282 2196 1339 2223 135.
1360 2196 1408 2222 13ss
1434 2206 1449 2222 a
1468 2205 1545 2221 manu
1565 2197 1702 2229 posteriore
1720 2197 1877 2229 adscriptum
1895 2199 1934 2221 est
1951 2195 2059 2227 rescrip-

617 2248 669 2267 mm
689 2243 754 2267 beati
773 2242 892 2273 Greyorii
910 2242 945 2266 ad
964 2241 1137 2273 Auyustinum
1155 2241 1299 2273 episcopum
1318 2241 1446 2273 (Gregorii
1465 2241 1552 2272 magni
1571 2248 1610 2272 ep.
1625 2239 1664 2271 11,
1677 2239 1711 2265 64
1730 2249 1762 2260 =
1781 2239 1848 2271 56¹³).

523 2287 558 2319 [5.
577 2286 797 2318 q.XV111—Xxl
822 2285 972 2317 Hieronymi
996 2288 1021 2309 et
1044 2285 1170 2309 Gennadii
1194 2284 1368 2309 commentarii
1391 2284 1422 2309 de
1441 2284 1502 2308 vir1s
1520 2284 1677 2314 illustribus,
1702 2292 1811 2315 quorum
1829 2283 1982 2308 mentionem
2001 2282 2062 2307 facit

616 2330 734 2355 Mansius
753 2329 769 2354 l.
785 2337 804 2353 c.
826 2337 848 2360 p.
862 2328 896 2353 90
913 2328 1006 2352 adlatis
1024 2328 1102 2352 variis
1121 2328 1274 2352 lectionibus
1293 2327 1446 2359 quibusdam
1466 2330 1491 2352 et
1509 2327 1629 2352 clausula
1646 2327 1727 2351 libelli
1747 2326 1942 2358 Hieronymiani
1961 2326 2019 2350 hac:
2038 2329 2062 2350 et

618 2373 724 2405 epistola
743 2372 779 2396 ad
798 2371 921 2396 Dextrum
939 2371 1117 2403 suprascripta
1135 2371 1230 2395 contuli
1248 2371 1358 2402 explicit,
1376 2375 1431 2403 post
1450 2370 1581 2395 Mansium
1600 2370 1693 2395 avulsa
1711 2373 1772 2395 sunt
1790 2368 1876 2402 furta]

534 2417 557 2442 Β.
577 2418 592 2441 f.
609 2414 745 2441 137-160
763 2424 786 2447 q.
800 2415 1011 2439 XXII—XXIIII
1031 2414 1095 2439 liber
1120 2414 1273 2446 pontificalis
1293 2414 1325 2438 ad
1343 2414 1548 2443 Constantinum,
1568 2414 1599 2438 de
1617 2421 1667 2445 quo
1686 2413 1712 2437 in
1731 2416 1804 2437 textu
1823 2412 1941 2437 diximus.
1976 2411 2062 2436 Prima.

621 2459 716 2491 pagina
736 2459 771 2483 ita
790 2458 881 2483 detrita
899 2462 944 2487 est,
964 2462 991 2482 ut
1010 2458 1073 2482 haec
1093 2465 1151 2489 pars
1172 2457 1266 2481 codicis
1285 2457 1402 2489 primitus
1421 2457 1552 2490 proprium
1571 2457 1692 2481 volumen
1710 2456 1823 2481 effecisse
1841 2455 1965 2480 videatur.

535 2502 557 2527 ῖ,
578 2504 592 2526 f.
610 2501 744 2526 nil—169
770 2510 792 2533 q.
808 2502 817 2525 1
837 2500 939 2531 (novem
958 2501 1077 2525 soliorum
1101 2501 1195 2525 inserto
1220 2501 1236 2524 f.
1257 2500 1383 2532 singulari
1403 2499 1471 2531 163),
1496 2500 1511 2524 f.
1528 2497 1664 2524 170—177
1683 2508 1706 2531 q.
1720 2500 1755 2529 11,
1780 2500 1797 2523 f.
1813 2497 1947 2523 178—182
1966 2501 2062 2522 resecto

622 2545 680 2569 solio
699 2545 789 2569 ultimo
807 2548 832 2568 et
851 2548 983 2576 propterea
1002 2543 1177 2575 quaternionis
1197 2547 1258 2567 nota
1277 2543 1428 2571 destitutus,
1448 2551 1513 2575 quae
1532 2546 1606 2567 notae
1624 2543 1656 2567 ab
1675 2543 1729 2575 ipso
1751 2541 1923 2567 commentarii
1941 2541 2062 2573 scriptore

620 2589 746 2620 profectae
770 2591 842 2618 sunt,
868 2587 1011 2619 pontificale
1035 2587 1155 2611 volumen
1180 2587 1332 2611 continuant
1358 2587 1423 2611 vitas
1451 2586 1575 2611 habentes
1603 2586 1783 2617 Gregoriorum
1802 2586 1825 2609 11
1848 2584 1965 2615 (numero
1992 2591 2063 2616 prae-

621 2632 714 2663 scripto
733 2631 802 2659 XCI)
821 2635 846 2655 et
865 2631 909 2661 ΙΙΙ,
928 2630 1078 2661 Zachariae,
1098 2630 1220 2662 Stephani
1240 2630 1264 2654 11
1289 2629 1406 2659 (numero
1426 2629 1584 2662 praescripto
1602 2628 1711 2659 XC1111;
1733 2629 1750 2658 †
1769 2626 1829 2658 757)
1848 2627 1955 2659 scriptas
1972 2627 2063 2651 litteris

620 2674 748 2705 quadratis
767 2682 782 2698 a
801 2673 910 2698 librariis
928 2673 1053 2705 pluribus.
1084 2673 1216 2705 Specimen
1231 2673 1373 2705 scripturae
1386 2673 1431 2697 dat
1445 2672 1609 2697 Duchesnius
1627 2671 1679 2696 tab.
1694 2672 1738 2695 111.
1770 2671 1890 2695 Extrema
1901 2670 1995 2702 pagina
2013 2678 2063 2694 non

622 2722 659 2741 est
679 2717 819 2749 perscripta
838 2721 908 2749 parte
932 2716 1039 2749 paginae
1058 2724 1140 2741 vacua
1159 2716 1254 2740 relicta.

539 2763 562 2784 δ’.
583 2762 599 2784 s.
617 2759 770 2784 lT‹)-‘210r.
797 2760 885 2784 Altera
909 2764 947 2784 est
973 2759 1132 2784 continuatio
1157 2759 1309 2791 pontificalis
1331 2759 1388 2784 libri
1407 2767 1423 2783 a
1442 2758 1523 2783 Paulo
1542 2759 1574 2783 ad
1593 2757 1754 2783 Hadrianum
1772 2757 1784 2781 1
1803 2755 1831 2787 (†
1850 2754 1918 2786 795).
1955 2755 2065 2780 Librarii

623 2803 709 2835 plures
728 2807 751 2827 et
771 2803 817 2835 ipsi
837 2811 923 2827 ornnes
943 2806 1051 2826 utuntur
1066 2802 1155 2826 litteris
1169 2802 1309 2834 quadratis
1346 2802 1480 2834 Specimen
1498 2802 1637 2834 scripturae
1656 2801 1718 2825 dant
1735 2800 1824 2824 tabula
1843 2802 1929 2824 nostra
1941 2799 1985 2829 111,
2006 2799 2064 2823 item

625 2846 815 2878 Zangcincister
849 2850 873 2870 et
893 2845 1065 2870 winzenbach
1094 2845 1211 2877 exempla
1237 2845 1307 2870 codd.
1333 2846 1390 2870 Lat.
1410 2845 1461 2870 tab.
1476 2844 1517 2869 62.
1562 2845 1646 2877 Papae
1667 2843 1763 2868 ordinis
1787 2850 1892 2867 numero
1915 2846 2002 2867 carent
2019 2849 2066 2866 nec
