2245 3213
292 2486 313 2505 (Ι
326 2493 335 2504 ,κ’
349 2493 389 2506 mr.

413 212 485 238 XCII
1097 207 1380 235 PROLEGOMENA.

592 300 642 337 29,
659 310 670 327 5
694 299 861 338 acceptum
886 306 942 326 om.
965 294 1011 326 0⁵
1035 305 1103 325 cum
1125 294 1196 325 02⁸
1220 296 1248 324 et
1272 294 1334 325 III

591 351 641 387 30,
660 363 681 380 ιε,
706 346 900 390 consideres]
927 347 1094 378 confiteres
1114 345 1218 377 0²1¹·51'

591 404 642 436 50,
659 416 670 432 ·.=
693 401 762 431 <ride
783 400 827 431 ad
845 400 888 430 0³
918 399 963 441 (p.
980 397 1156 439 LXXXII)

591 456 640 492 51,
657 466 668 483 4
693 453 737 483 sic
761 452 877 483 missae
901 450 1141 482 celebrarentur
1161 449 1205 481 05
1220 460 1290 480 cum
1309 449 1391 473 ’ΨΜ
1415 452 1443 480 et
1466 450 1529 481 III

590 507 641 543 64,
657 517 669 535 ε
692 504 760 535 vide
782 504 826 534 ad
845 503 887 535 0³
917 505 958 544 (p.
975 502 1151 543 LXXXII)

589 559 639 595 66,
658 570 667 587 ι
691 556 760 586 ‘risle
781 555 825 586 ad
842 555 887 586 0⁴
911 555 955 597 (p.
972 553 1166 595 LXXXIII)

573 609 640 647 102,
657 620 681 638 ιο
702 607 793 647 oecc]
819 617 891 638 cccc
910 606 956 637 0⁵
979 617 1050 637 cum
1070 604 1222 637 04κῖ101

572 662 639 699 104,
659 673 680 690 1s
705 658 832 701 obtulit]
859 659 1020 690 obtulerat
1041 657 1086 689 0⁵
1110 668 1180 688 cum
1199 656 1269 688 02ι3

574 714 640 751 188,
657 724 668 742 4
693 710 848 753 diagrafa]
874 710 1022 752 ditgraua
1039 709 1110 749 (5⁵¹³,
1135 709 1294 751 ditgrauia
1314 709 1339 739 0
1349 709 1383 748 ⁵⁰,
1408 708 1562 749 diagraua
1583 708 1643 740 029

412 765 588 795 Praeterea
610 764 642 795 in
665 764 702 794 iis
727 773 809 805 quae
834 762 986 794 differunt
1016 773 1035 793 a
1067 761 1176 793 classis
1204 760 1364 792 secundae
1395 763 1486 792 textu
1513 761 1672 792 communi
1696 762 1778 793 liber
1801 767 1887 795 errat
1910 768 1966 796 aut
1989 777 2060 797 cum

412 817 626 847 deterioribus
652 819 707 847 aut
731 826 839 847 errore
863 815 1007 857 proprio:

611 869 640 907 3,
657 881 668 898 5
692 866 1002 910 superuenientium]
1028 865 1330 908 superuenientibus
1349 864 1393 896 05
1416 875 1487 896 cum
1507 864 1677 896 019121-20

611 923 640 957 4,
657 932 668 950 2
692 919 894 962 profligetur]
918 918 1079 960 profluent
1098 917 1167 957 0⁵¹³,
1192 918 1351 959 profluant
1371 917 1430 948 0⁵⁰
1453 916 1538 948 solus

588 973 638 1009 28,
654 984 664 1002 «1
690 970 800 1013 africa]
827 971 986 1002 africanus
1007 969 1050 1001 05
1074 980 1145 1000 cum
1161 968 1298 1008 B2·³QO

588 1025 638 1062 29,
656 1037 665 1054 1
691 1022 854 1066 scriptam]
880 1023 925 1053 sic
943 1021 1096 1061 plerique,
1120 1024 1303 1063 susceptam
1322 1021 1379 1061 BG,
1404 1031 1479 1062 scep
1504 1023 1688 1062 susceptam
1711 1021 1863 1063 scriptum
1887 1023 1962 1064 (sic)
1982 1024 2026 1055 0⁵

587 1077 637 1115 29,
654 1088 666 1107 6
689 1075 810 1117 posuit]
835 1075 985 1116 exposuit
1005 1073 1049 1105 05
1072 1084 1143 1104 cum
1164 1072 1189 1104 O

587 1129 637 1166 30,
655 1140 677 1158 ιτ
700 1137 857 1169 pauescas
879 1127 940 1158 ins.
962 1125 1010 1158 05
1033 1136 1104 1156 cum
1119 1124 1228 1156 P1·20

570 1181 637 1215 186,
656 1193 677 1210 ιι
703 1180 732 1211 ei
758 1179 887 1210 obuiam
912 1188 970 1210 om.
991 1177 1052 1209 05ρ
1076 1187 1146 1208 eum
1165 1175 1291 1208 G¹P2O

514 1231 694 1262 Tolosanus
719 1233 780 1262 365
805 1241 887 1261 saec.
905 1229 971 1261 XII
995 1229 1114 1271 (Duch.
1138 1239 1169 1270 p.
1188 1227 1300 1269 CXC).
1347 1227 1532 1258 Simillimus
1555 1230 1664 1258 nostro
1685 1227 1741 1259 05.

515 1283 675 1314 Parisinus
699 1282 938 1314 armamentarii
955 1283 1017 1312 679
1043 1281 1159 1322 (Duch.
1185 1291 1213 1321 p.
1233 1278 1334 1319 CXC)
1359 1290 1442 1310 saec.
1459 1279 1551 1319 XIV,
1575 1283 1671 1311 antea
1695 1280 1727 1311 S.
1748 1280 1875 1312 Martini
1899 1292 1918 1312 a
1941 1284 2062 1324 campis

410 1345 511 1376 prope
536 1335 686 1367 Parisios.
732 1335 815 1366 Item
840 1334 1017 1365 simillimus
1040 1336 1149 1363 nostro
1168 1332 1222 1363 C5.

515 1386 833 1428 Giatianopolitanus
855 1388 890 1417 16
916 1395 1000 1416 saec.
1020 1384 1087 1430 XII
1110 1384 1227 1425 (Duch.
1246 1394 1276 1425 p.
1294 1382 1406 1425 CXC).
1452 1382 1570 1414 Similis
1586 1386 1695 1415 nostre
1715 1385 1769 1421 C⁵;
1793 1385 1850 1417 sed
1873 1385 1905 1416 in
1929 1386 2059 1427 quibus-

411 1438 483 1468 dam
509 1441 592 1469 teste
616 1438 801 1469 Duchesnio
828 1437 990 1468 declinans
1014 1436 1055 1467 ad
1079 1436 1233 1467 familiam
1256 1435 1297 1466 B.

512 1490 717 1521 Florentinus
740 1489 976 1521 Laurentianus
1000 1489 1079 1530 plut.
1096 1487 1160 1519 XX
1185 1486 1254 1518 eod.
1277 1489 1313 1517 10
1338 1496 1422 1517 sace.
1439 1486 1487 1517 XI
1512 1486 1636 1528 (Waitz
1660 1497 1755 1518 neues
1771 1488 1890 1519 Archiv
1917 1492 1964 1528 10,
1981 1492 2059 1522 4513:

369 1508 388 1524 ⁶-
410 1542 581 1573 Duchesne
613 1553 642 1584 p.
661 1541 774 1583 CXC).
832 1541 972 1572 Titulum
1001 1540 1181 1571 rettulimus
1211 1550 1240 1580 p.
1261 1538 1354 1569 XIII.
1412 1538 1498 1569 Finit
1524 1539 1555 1569 in
1584 1539 1649 1570 vita
1680 1539 1808 1571 Martini
1832 1541 1847 1571 l
1875 1542 1943 1581 183,
1963 1554 1984 1572 is
2008 1542 2063 1581 qni

407 1594 495 1632 sacta
523 1605 601 1633 pace
630 1605 700 1625 cnm
729 1596 841 1624 sancta
872 1593 922 1623 dei
951 1592 1079 1623 ecclesia.
1108 1591 1252 1631 colligens
1280 1591 1458 1628 ema-citum,
1488 1601 1572 1632 quae
1602 1591 1703 1622 verba
1727 1602 1798 1622 cum
1823 1593 1919 1623 minio
1943 1593 2062 1635 scripta

407 1647 469 1677 sint
500 1650 532 1677 et
561 1647 699 1688 paginae
723 1657 798 1687 pars
822 1645 947 1686 reliqua
972 1655 991 1675 a
1015 1644 1117 1686 primo
1141 1643 1269 1674 librario
1294 1652 1395 1673 vacua
1418 1642 1530 1673 relicta
1554 1643 1609 1679 sit,
1634 1643 1806 1674 ostendunt
1834 1644 1978 1675 codicem
2003 1645 2058 1676 de-

407 1699 560 1740 scriptum
586 1709 656 1729 esse
682 1709 723 1729 ex
741 1698 916 1738 archetypo
933 1696 1057 1727 mutilo.
1104 1695 1208 1726 Index
1231 1705 1387 1736 paparum
1411 1695 1617 1736 interpositus
1640 1695 1723 1726 inter
1746 1696 1900 1737 epistulas
1924 1700 1956 1728 et
1981 1698 2061 1728 vitas

407 1750 475 1780 finit
498 1753 533 1780 ut
557 1750 588 1780 in
613 1749 657 1781 0Χ
681 1750 712 1780 in
738 1749 903 1791 Stephano
927 1748 970 1779 II.

514 1802 674 1832 Parisinus
703 1803 802 1832 16897
833 1810 918 1832 saec.
936 1799 1002 1830 XII
1031 1798 1150 1841 (Duch.
1174 1809 1204 1840 p.
1223 1797 1335 1839 CXC).
1389 1797 1559 1839 Specimen
1589 1799 1724 1840 sumpsit
1739 1799 1862 1831 Vidier.
1917 1799 2003 1830 Finit
2030 1800 2062 1830 in

409 1853 574 1894 Stephano
600 1853 641 1883 II.
697 1852 799 1883 Index
831 1862 988 1894 paparum
1023 1851 1064 1882 ad
1099 1850 1293 1882 Paschalem
1317 1850 1332 1880 Ι
1362 1851 1559 1891 (817—824)
1593 1861 1664 1881 cum
1693 1852 1818 1893 spatiis,
1850 1852 1917 1882 sine
1954 1853 1990 1883 iis
2021 1851 2062 1882 ad

410 1905 567 1936 Marinum
594 1904 794 1946 (882-884)
820 1905 1022 1934 continuatus
1048 1906 1119 1945 post
1143 1903 1205 1933 alia
1228 1902 1347 1942 legitur
1369 1902 1400 1932 in
1423 1901 1485 1932 fine
1510 1902 1688 1934 voluminis.

512 1957 675 1987 Parisinus
699 1958 777 1986 5141
807 1966 890 1986 saec.
909 1955 989 1985 XIV
1021 1954 1137 1996 (Duch.
1162 1965 1191 1996 p.
1211 1953 1312 1995 CXC)
1339 1953 1414 1984 olim
1439 1953 1626 1993 Trecensis,
1659 1957 1755 1985 antea
1786 1955 1820 1987 P.
1845 1954 1973 1986 Pithoei
2004 1954 2060 1986 de-

409 2009 545 2050 scriptus
570 2012 618 2038 est
642 2018 682 2038 ex
708 2007 852 2038 Parisino
882 2009 993 2038 16897.

514 2060 604 2090 Duos
628 2059 726 2090 libros
749 2059 1001 2089 Laurentianum
1026 2060 1077 2095 20,
1095 2070 1119 2088 ιο
1144 2073 1182 2083 z
1201 2056 1251 2088 Ρ1
1276 2060 1309 2087 et
1332 2056 1511 2087 Parisinum
1541 2058 1640 2088 16897
1667 2073 1704 2083 z
1731 2057 1779 2088 P2
1803 2058 1960 2099 gemellos
1990 2068 2061 2089 esse

409 2112 573 2154 specimen
595 2113 658 2150 (68,
676 2125 700 2141 κε,
725 2114 757 2141 et
781 2111 856 2141 alibi
881 2111 1012 2152 passim)
1038 2109 1191 2140 declarat.
1238 2108 1407 2139 Secundae
1433 2109 1541 2139 classis
1565 2109 1720 2140 lectiones
1744 2106 1834 2151 sequi
1859 2110 1979 2150 solent,
2004 2110 2061 2141 sed

409 2168 481 2195 sunt
505 2174 545 2194 ex
571 2164 718 2205 pessimis
741 2163 834 2193 huius
860 2162 977 2193 ordinis
1002 2162 1068 2202 (51,
1086 2161 1110 2203 7)
1136 2171 1206 2191 cum
1231 2161 1418 2191 recensione
1444 2160 1676 2191 Guillermiana
1700 2160 1741 2192 ad
1766 2162 1901 2192 classem
1932 2162 2060 2192 tertiam

409 2217 609 2257 potissimum
634 2215 796 2256 applicata
820 2214 979 2245 interdum
1005 2213 1236 2244 concordantes
1260 2214 1327 2253 (51,
1345 2225 1365 2244 7.
1390 2214 1440 2249 60,
1458 2225 1480 2243 ³.
1497 2213 1533 2248 s).

514 2267 650 2298 Codices
676 2267 814 2308 quinque
838 2266 913 2296 hos:

564 2318 833 2349 Alencionensem
858 2328 887 2349 n.
910 2318 945 2348 18
970 2326 1054 2348 saec.
1070 2316 1118 2349 XI
1144 2316 1262 2357 (Duch.
1286 2326 1316 2356 p.
1335 2315 1502 2353 CLXXX)

564 2370 841 2411 Rotomagensem
865 2368 894 2399 A
914 2370 952 2399 24
978 2378 1062 2399 saec.
1080 2368 1129 2399 XI
1153 2368 1271 2409 (Duch.
1297 2378 1326 2408 p.
1346 2366 1529 2406 CLXXXI)

565 2422 746 2453 Parisinum
773 2423 855 2451 5094
881 2431 964 2452 saec.
981 2420 1029 2451 XI
1055 2419 1172 2459 (Duch.
1196 2430 1227 2460 p.
1246 2418 1432 2454 CLXXXl)

566 2474 758 2505 Vaticanum
784 2472 1037 2504 Ottobonianum
1062 2473 1145 2502 2629
1179 2481 1252 2501 saec
1280 2470 1342 2500 XV
1372 2471 1489 2512 (Duch.
1515 2481 1544 2512 p.
1563 2471 1765 2509 CLXXXI),
1797 2473 1893 2501 antea
1925 2470 2058 2509 Petavii,

616 2525 732 2556 deinde
757 2525 889 2566 reginae

565 2576 742 2608 Parisinum
768 2579 851 2607 5145
876 2586 959 2606 saec.
975 2575 1037 2606 XV
1063 2575 1181 2616 (Duch.
1206 2586 1236 2616 p.
1255 2574 1442 2613 CLXXXI)

410 2628 611 2658 Duchesnius
628 2629 647 2660 l.
667 2639 695 2659 c.
714 2628 946 2659 demonstravit
962 2627 1162 2658 descendere
1180 2637 1219 2657 ex
1239 2627 1415 2668 exemplari
1433 2626 1504 2657 libri
1524 2626 1716 2657 Pontificalis
1733 2627 1850 2668 scripto
1869 2625 2058 2656 moderante

409 2679 572 2710 Arlemaro
616 2680 818 2711 Cabanncnsi
856 2680 1014 2711 monacho
1056 2679 1088 2710 S.
1118 2679 1269 2721 Eparcliii
1308 2688 1408 2720 prope
1450 2677 1668 2719 Angoulcme,
1714 2676 1862 2707 dedicato
1906 2677 2058 2718 episcopo

410 2731 535 2760 Rohoni
565 2731 800 2771 Engolismensi
833 2730 1087 2772 (1021-1031).
1142 2731 1271 2761 Finiunt
1300 2730 1504 2760 nihilominus
1534 2729 1733 2771 exemplaria
1765 2728 1958 2759 recensionis
1990 2729 2057 2759 eius

410 2793 491 2823 quae
527 2788 697 2823 supersunt,
733 2784 827 2824 plena
861 2784 890 2813 in
925 2783 1035 2814 Leone
1062 2782 1107 2813 IV
1137 2782 1347 2823 (8472855),
1373 2792 1443 2812 cum
1469 2782 1630 2823 epitomae
1659 2779 1734 2811 inde
1769 2780 1933 2821 profectae
1969 2779 2057 2821 (vide

409 2835 489 2864 infra
519 2845 546 2875 p.
570 2833 658 2869 CIV)
689 2835 821 2865 ulterius
855 2834 1061 2865 descendant.
1121 2834 1342 2875 Archetypum
1374 2833 1568 2863 recensionis
1601 2833 1669 2863 eius
1704 2831 1906 2862 Duchesnius
1938 2831 2058 2862 iudicat
