2245 3213
336 671 415 695 Ilm-71.

436 214 480 240 CX
1116 209 1403 237 PROLEGOMENA.

539 299 717 330 ssluratorii
745 299 868 340 corpori
900 299 1089 339 scriptorum
1122 307 1227 327 rerum
1262 296 1446 326 Italicarum
1478 295 1645 336 Philippus
1670 294 1844 337 Argelatus
1869 297 1950 327 vitas
1974 297 2079 338 ponti-

436 352 529 382 ficum
553 352 685 381 inseruit
702 351 776 390 (vol.
795 353 811 379 3
836 361 864 382 a.
888 351 979 389 1723)
997 349 1181 390 exprimens
1198 351 1322 378 textum
1339 347 1527 386 Bianchinii‚
1552 350 1709 388 quatenus
1735 349 1759 378 is
1777 349 1933 390 pervenit,
1958 348 2085 379 adiecta

436 404 524 434 varia
547 404 684 434 lectione
709 406 859 444 quattuor
881 401 1026 432 codicum
1049 400 1337 431 Ambrosianorum
1361 399 1392 429 Α
1416 400 1469 438 (z
1495 398 1527 429 M
1545 401 1583 429 77
1606 409 1686 440 sup.,
1711 410 1806 441 supra
1833 411 1863 442 p.
1882 399 2085 441 Lxxxlx),

436 456 526 486 nobis
543 455 606 486 15⁷2
637 455 670 485 1)ι
693 454 739 495 rll
763 457 813 484 111
836 464 920 495 sup,
951 463 1048 495 supra
1080 463 1110 494 p.
1126 452 1284 492 LXXX),
1318 451 1410 482 uobis
1441 451 1479 486 Y;
1516 450 1544 482 Ο
1563 450 1603 492 (C
1622 453 1682 482 204
1707 451 1776 487 inf.;
1813 463 1909 494 supra
1936 463 1965 494 p.
1983 451 2086 493 CIII),

437 508 571 538 derivati
597 518 637 538 ex
662 510 769 537 nostro
788 506 857 543 Jl2‚·
881 505 914 536 D
938 508 991 544 (=
1011 504 1037 536 G
1064 507 1118 535 100
1136 504 1201 539 inf..
1220 514 1316 545 supra
1332 514 1361 544 p.
1381 502 1429 541 C),
1455 502 1605 544 descripti
1628 513 1670 533 ex
1686 503 1745 534 E1.
1791 503 1940 534 Editores
1964 504 2086 545 priores

436 570 506 589 cuni
531 560 560 589 in
585 561 768 590 universum
799 557 978 600 penderent
1006 567 1048 587 ex
1078 556 1168 587 libris
1197 556 1306 587 classis
1339 555 1455 586 tertiae
1480 555 1717 589 contaminatis,
1746 555 1842 586 lectio
1865 556 1968 586 minus
1992 556 2087 586 inter-

436 612 544 652 polat-a
570 612 678 642 classis
702 610 862 642 secundae
895 610 1032 651 primum
1056 609 1193 639 innotuit
1217 618 1277 650 per
1300 606 1542 638 adnotationem
1566 606 1828 637 Muratorianam.

540 663 721 694 Ludom'eus
744 662 911 693 Dnclwsm·
941 661 998 692 sub
1029 660 1121 691 titulo
1146 659 1172 690 It·
1196 659 1271 689 liber
1289 658 1499 698 pontificalis:
1527 660 1620 695 teas-te,
1649 658 1862 689 introduction
1885 661 1913 689 et
1937 669 2086 689 commen-

437 715 517 745 taire
540 725 654 756 corpus
679 715 814 746 vitarum
839 713 939 745 edidit
963 713 1092 744 Parisiis
1117 711 1241 742 duobus
1265 710 1480 741 voluminibus
1500 710 1576 750 (vol.
1600 712 1611 740 1
1638 719 1664 740 a.
1690 711 1785 745 1886;
1810 710 1871 741 vol.
1889 712 1908 740 2
1932 720 1959 741 a.
1984 710 2086 751 1892).

436 765 473 796 Id
496 767 604 797 iacens
627 767 732 798 adhuc
761 767 945 807 neglectum
977 775 1039 806 quo
1069 774 1219 795 successu
1249 763 1296 794 vir
1326 762 1476 803 egregius
1507 762 1718 801 recensuerit,
1749 772 1812 793 non
1836 762 1903 793 eius
1927 763 2088 793 volumina

437 819 504 849 sola
529 822 703 859 testantur,
738 819 795 850 sed
820 819 939 860 pariter
962 827 1087 848 meum:
1122 826 1196 847 nam
1229 819 1294 846 tam
1330 814 1485 845 industria
1515 814 1582 844 eius
1611 814 1643 844 in
1673 813 1834 845 codicibus
1857 814 2087 856 investigandis

437 883 532 913 quain
558 872 717 913 sagacitas
741 872 772 902 in
797 869 1004 902 aestimandis
1029 879 1067 899 eo
1092 868 1248 910 pervenit,
1272 870 1307 898 ut
1331 867 1383 908 qui
1408 869 1480 908 post
1505 876 1578 897 eum
1603 866 1745 898 eandem
1770 877 1902 908 operam
1927 867 2088 908 suscipiat,

437 924 672 965 quodammodo
703 927 775 955 acta
804 926 881 964 agat
903 931 1037 953 necesse
1072 921 1121 951 sit.
1167 919 1450 951 Monumentorum
1476 918 1742 949 Germanicorum
1772 919 1917 949 societati
1946 929 2016 949 cum
2041 919 2088 949 in-

436 976 612 1016 cumberet,
637 979 671 1007 ut
695 977 832 1007 vitarum
856 974 1042 1017 pontificum
1066 972 1286 1003 Romanorum
1311 974 1376 1002 tam
1401 970 1685 1001 Anastasianarum
1714 981 1796 1012 quae
1823 970 1969 1002 dicuntur
1992 981 2088 1012 quain

436 1028 629 1069 reliquarum
655 1028 831 1059 editionem
855 1037 914 1068 per
931 1025 1165 1068 quinquaginta
1189 1034 1289 1054 annos
1310 1023 1502 1064 promissam
1518 1022 1690 1064 aliquando
1709 1023 1880 1064 perficeret
1902 1033 2007 1065 neque
2032 1033 2090 1065 per

436 1081 576 1111 rationes
605 1091 678 1111 suas
707 1080 747 1111 ab
777 1089 876 1121 opere
900 1078 1050 1109 inchoato
1081 1080 1114 1107 et
1144 1076 1343 1118 proclamato
1370 1075 1525 1106 desistere
1550 1078 1678 1116 posset,
1705 1075 1773 1106 eius
1794 1075 1939 1117 syllegae
1964 1077 2089 1117 partem

435 1133 569 1174 primam
603 1133 722 1174 imponi
745 1132 821 1163 mihi
846 1141 957 1172 passus
982 1140 1065 1169 sum,
1089 1139 1153 1160 non
1176 1128 1322 1170 ignarus,
1347 1130 1382 1158 ut
1405 1137 1500 1168 supra
1528 1126 1614 1166 dixi,
1639 1127 1692 1168 agi
1718 1127 1763 1157 ita
1793 1137 1861 1158 rem
1887 1130 2008 1163 actam;
2033 1126 2090 1158 sed

437 1195 572 1226 corpora
595 1195 713 1225 magna
736 1184 797 1215 hoc
814 1193 942 1225 quoque
960 1180 1132 1223 aliquando
1157 1180 1332 1222 requirunt.
1378 1179 1447 1210 Iam
1472 1189 1516 1218 re,
1542 1182 1700 1220 quatenus
1719 1178 1760 1210 ad
1777 1189 1828 1210 me
1847 1179 1998 1220 pertinet,
2016 1189 2089 1221 per-

438 1236 532 1268 fecta.
557 1237 581 1267 si
600 1237 675 1267 mihi
692 1235 788 1267 iudici
812 1236 844 1266 in
862 1245 895 1265 re
912 1244 996 1273 mea,
1015 1232 1073 1264 sed
1088 1232 1292 1263 nihilominus
1309 1231 1423 1273 opinor
1445 1231 1527 1261 iusto
1553 1230 1593 1261 de
1618 1241 1717 1272 opera
1741 1241 1815 1262 mea
1838 1230 1989 1262 iudicium
2006 1231 2090 1262 ferre

437 1288 520 1324 lieet,
547 1288 695 1319 existimo
721 1288 848 1319 codices
874 1286 964 1325 duos,
989 1296 1087 1316 unum
1112 1284 1217 1315 adhue
1242 1284 1397 1314 latentem
1427 1282 1515 1324 (nam
1540 1282 1775 1324 Neapolitanus
1792 1282 1840 1313 13¹
1865 1293 1923 1325 per
1945 1283 2089 1314 Pertzia—

437 1350 511 1370 nam
536 1340 740 1371 collationem
772 1350 855 1370 nunc
880 1338 1009 1369 demum
1036 1336 1237 1377 innotescit),
1262 1336 1399 1366 alterum
1422 1345 1485 1365 non
1510 1338 1597 1366 reete
1621 1335 1806 1376 neglectum
1837 1335 2090 1365 Laurentianum

439 1392 520 1433 fflfi)
545 1392 586 1423 ad
617 1393 709 1423 crisin
732 1392 827 1423 utiles
850 1391 882 1422 in
906 1391 966 1421 hae
991 1389 1132 1421 editione
1157 1387 1329 1425 accedere,
1355 1386 1482 1418 codices
1510 1387 1650 1428 reliquos
1675 1386 1835 1417 adhibitos
1860 1397 1931 1418 esse
1955 1397 2089 1417 numero

438 1444 575 1483 minore,
607 1455 703 1486 quam
733 1443 819 1485 apud
842 1443 1079 1480 Duchesnium,
1103 1440 1161 1472 sed
1185 1439 1369 1481 diligentius
1393 1439 1531 1470 selectos
1555 1441 1588 1470 et
1611 1449 1682 1470 cum
1707 1449 1782 1469 eura
1806 1439 2006 1480 recognitos;
2031 1438 2089 1469 de-

438 1496 533 1537 nique
558 1500 748 1538 apparatum
772 1496 955 1527 universum
979 1494 1157 1535 dispersum
1183 1490 1420 1534 quodammodo
1451 1491 1537 1532 apud
1560 1490 1779 1522 Duehesnium
1808 1490 2006 1521 commodius
2031 1490 2089 1521 ad-

438 1549 650 1579 ministratum
686 1559 766 1579 esse.
831 1547 896 1578 Sed
932 1548 1001 1588 ipsa
1037 1546 1077 1576 de
1113 1544 1275 1576 codicibus
1308 1543 1424 1574 iudicia
1450 1543 1676 1574 Duchesniana
1706 1542 1816 1585 paucis
1852 1543 1996 1584 exceptis
2028 1553 2090 1573 non

438 1601 643 1641 sagacissima
670 1599 892 1631 tantummodo
916 1599 1062 1641 repperi,
1087 1597 1144 1628 sed
1168 1607 1245 1628 vera
1273 1599 1306 1627 et
1330 1599 1434 1631 certa,
1459 1598 1492 1626 ct
1520 1596 1550 1626 in
1575 1606 1699 1626 summa
1727 1606 1761 1626 re
1791 1595 1871 1625 haec
1895 1605 1968 1625 mea
1992 1594 2089 1625 editio

438 1652 696 1683 D11‹=l10s11i2u1a1n
722 1663 783 1683 non
807 1651 970 1689 reformat,
995 1649 1052 1681 sed
1076 1649 1265 1691 comprobat
1289 1652 1322 1678 et
1345 1648 1521 1679 confirmat.

988 1905 1212 1952 CAPVT
1255 1904 1550 1951 SEXTVM.

931 2015 1189 2051 CODICVM
1227 2011 1608 2050 AESTIMATIO.

982 2097 1291 2129 AROHETYPVM
1315 2095 1545 2128 OOMMVNE.

543 2169 764 2211 Archetypum
793 2172 972 2199 nostrorum
1001 2168 1155 2199 librorum
1180 2167 1336 2206 omnium,
1360 2166 1481 2197 scilicet
1509 2175 1528 2196 a
1553 2175 1614 2206 quo
1639 2164 1781 2206 pendent
1805 2167 1869 2195 tam
1894 2164 2088 2195 recensionis

439 2222 552 2263 prioris
576 2222 729 2263 reliquiae
759 2231 853 2263 quam
882 2221 1076 2251 recensionis
1108 2219 1294 2261 posterioris
1324 2217 1524 2259 exemplaria
1556 2217 1675 2251 omnia,
1708 2217 1801 2258 culpa
1825 2216 1961 2247 auctoris
1985 2216 2089 2258 potius

440 2285 534 2316 quam
558 2274 758 2305 librariorum
782 2273 865 2304 vitiis
889 2273 1032 2315 plurimis
1061 2275 1094 2303 et
1122 2271 1316 2312 gravissimis
1348 2270 1513 2300 laborasse
1538 2269 1736 2310 intellegitur
1758 2268 1948 2310 praesertim
1973 2268 2088 2298 collato

439 2327 588 2368 catalogo
607 2326 829 2367 episcoporum
845 2325 1063 2355 Romanorum
1080 2323 1263 2362 Liberiano,
1282 2332 1377 2363 quem
1395 2324 1506 2352 auctor
1530 2321 1574 2352 ita
1598 2320 1754 2360 adhibuit,
1780 2323 1815 2351 ut
1831 2330 1954 2351 summa
1978 2322 2010 2350 et
2033 2329 2090 2350 au-

440 2378 532 2409 dacia
557 2381 589 2409 et
612 2378 737 2409 inscitia
762 2388 835 2408 eum
858 2376 1078 2418 interpolaret.

720 2445 811 2477 catal.
836 2446 957 2477 Libera
1592 2442 1643 2474 llb-
1663 2441 1794 2482 pontifi:

442 2507 645 2548 (Pontianus)
672 2507 702 2537 in
727 2506 842 2538 eadem
866 2506 969 2537 insula
993 2504 1164 2536 discinctus
1190 2507 1239 2534 est
1298 2505 1348 2542 24,
1365 2515 1377 2534 c
1402 2503 1431 2533 in
1450 2501 1565 2533 eadem
1582 2502 1685 2533 insula
1702 2501 1869 2532 defunctus
1891 2502 1940 2531 est
1960 2499 2010 2530 ΠΙ
2026 2498 2090 2530 kal.

504 2558 571 2588 IIII
596 2558 659 2589 kal.
678 2558 811 2590 Octobr.
1360 2554 1562 2586 Novembris.

1294 2623 1344 2654 lib.
1356 2623 1472 2662 pontif.
1486 2633 1545 2655 rec.
1557 2623 1666 2662 prior:
1782 2631 1840 2651 rec.
1860 2619 2028 2659 posterior:

441 2686 627 2727 (Miltiades)
663 2698 681 2716 a
725 2686 890 2717 consulatu
928 2685 1124 2716 Maximiano
1156 2683 1237 2714 VIII
1291 2686 1343 2723 46,
1363 2696 1374 2714 2
1406 2694 1424 2714 a
1456 2683 1623 2714 consulatu
1720 2692 1739 2712 a
1762 2681 1928 2712 consulatu
1955 2679 2091 2711 Maxen-

505 2738 587 2768 solo⁴
613 2737 697 2779 quod
727 2738 784 2768 fuit
816 2748 925 2769 mense
951 2737 1040 2779 Sept.
1058 2736 1234 2767 Volusiano
1355 2735 1521 2766 Maximini
1543 2733 1642 2765 VIIII
1785 2733 1829 2763 tio
1856 2731 1956 2762 VIIII
1990 2741 2090 2772 usque

506 2794 537 2819 et
571 2789 699 2827 Rufino,
727 2799 827 2830 usque
860 2789 890 2820 in
920 2789 969 2820 111
998 2788 1038 2819 id.
1074 2788 1141 2819 Ian.
1169 2786 1232 2817 Vo-
1354 2797 1454 2828 usque
1472 2786 1513 2817 ad
1525 2785 1660 2817 Maxen-
1787 2783 1828 2814 ad
1850 2782 1993 2814 Maximo
2019 2782 2061 2814 ΙΙ.

505 2841 628 2871 lusiano
653 2844 685 2870 et
710 2841 856 2871 Anniano
882 2851 966 2872 cons.
1353 2839 1397 2868 tio
1422 2838 1464 2869 II.
