2245 3213
862 201 1144 229 PROLEGOMENA.
1724 204 1827 229 XXVII

181 292 214 320 et
237 289 321 320 dona
343 289 380 320 iis
404 288 522 327 oblata,
547 287 605 318 sed
628 289 705 319 item
730 288 834 319 factae
860 292 892 319 et
914 289 1088 320 instructae
1112 289 1143 319 in
1167 289 1271 327 Italia,
1295 292 1330 320 ut
1354 288 1484 331 Capuae
1503 290 1606 331 (Tim)
1633 294 1665 321 et
1688 290 1828 332 Neapoli

180 343 243 381 (70,
262 341 316 382 ρο),
348 341 430 371 inter
456 340 537 370 haec
566 339 651 370 dona
681 340 796 380 privati
826 340 990 371 cuiusdam
1014 340 1171 371 Gallicani
1202 340 1310 371 oblata
1342 342 1498 372 ecclesiae
1523 341 1663 373 Ostiensi
1692 342 1829 381 (sss,17):

181 403 262 435 quae
294 393 399 424 omnia
435 403 506 423 cum
536 402 599 422 uno
630 395 742 423 tenore
774 392 960 431 decurrant,
996 403 1108 434 parum
1142 393 1352 434 intellegitur,
1386 405 1448 435 qua
1477 395 1528 425 via
1559 395 1764 436 pervenerint
1799 395 1830 424 in

179 445 293 475 scrinia
317 444 459 486 episcopi
485 443 573 474 urbis
601 443 735 474 Romae.
786 443 852 484 Ipsi
880 447 988 474 autem
1016 443 1136 475 indices
1164 454 1227 475 non
1257 445 1359 475 solum
1387 446 1470 476 iusto
1501 446 1611 477 ordine
1636 445 1824 487 procedunt,

179 496 236 527 sed
261 497 358 527 etiam
381 499 492 537 aperte
517 498 664 537 spectant
687 494 728 525 ad
751 495 938 536 largitiones
961 496 1196 536 imperatorias:
1222 496 1310 526 fundi
1335 497 1418 527 enim
1443 498 1587 528 ecclesiis
1611 498 1826 529 attribuuntur

179 559 242 579 non
269 548 371 578 solum
399 547 431 578 in
454 547 568 592 Italia„
593 546 651 577 sed
678 556 736 587 per
758 547 875 577 multas
902 547 1091 588 provincias,
1122 547 1272 585 Siciliam⁷
1299 547 1492 587 Numidiam,
1522 549 1662 580 diocesin
1689 548 1828 580 Orientis

180 600 315 642 (5S‚1s)‚
351 610 433 641 quae
469 609 539 630 cum
570 599 740 640 complecti
774 598 920 630 videatur
953 599 1157 630 Antiochiam
1187 600 1429 631 Alexandream
1463 602 1665 642 Aegyptum.
1698 602 1829 642 collegit

179 652 253 683 inde
278 651 480 682 Duchesnius
511 651 586 691 (vol.
611 653 620 681 l
652 661 683 692 p.
702 650 768 689 CL)
797 650 935 681 indicem
965 651 1083 681 factum
1113 662 1183 682 esse
1209 662 1246 682 eo
1276 656 1437 693 tempore7
1468 663 1529 694 quo
1554 653 1724 694 Aegyptus
1758 663 1830 694 pars

179 705 238 735 fuit
267 704 422 735 dioecesis
451 703 534 734 illius
563 707 712 744 separata
738 702 812 733 inde
841 707 914 734 ante
943 703 1039 734 finem
1067 704 1186 734 saeculi
1214 705 1327 745 quarti,
1360 704 1493 734 nimium
1523 705 1658 735 fortasse
1686 705 1831 735 tribuens

179 756 300 787 auctori
322 755 382 793 ibi⁷
406 755 461 786 ubi
484 765 503 785 a
526 754 700 785 mendaciis
724 754 878 793 abstinet,
905 758 990 785 certe
1015 755 1153 786 turbido.
1199 755 1335 786 Reditus
1367 766 1494 797 quoque
1524 766 1565 786 ex
1594 760 1687 797 parte
1722 756 1829 786 effecti

180 808 331 839 aromatis
355 807 578 848 mercibusque
597 805 736 837 Orientis
755 817 825 837 cum
843 817 881 837 ea
898 807 1104 837 attributione
1123 807 1322 838 conveniunt.
1362 807 1519 838 Convenit
1535 808 1612 838 item
1630 808 1729 838 aetati
1744 807 1826 838 Con-

180 860 390 890 stantinianae
408 858 579 900 possessio.
604 868 698 899 quam
714 859 809 896 fiscus
825 861 1027 897 occupa-cerat
1050 861 1183 897 temporo
1202 858 1430 897 persecutionis
1447 860 1511 897 (64,
1528 859 1563 897 io)
1576 860 1598 896 ¹)
1617 860 1829 900 convenitque

180 911 285 942 eidem
309 921 426 942 nomen
450 909 528 940 illud
553 909 724 948 Gallicani,
750 920 812 951 quo
836 910 1040 951 appellantur
1064 911 1210 941 consules
1235 909 1297 940 duo
1322 920 1350 942 a.
1368 912 1427 941 317
1455 914 1486 940 et
1511 910 1622 943 3302).
1668 910 1830 941 Ecclesias

180 962 366 993 Christianis
380 961 622 992 Constantinum
640 961 747 991 multis
763 961 840 991 locis
857 961 1072 992 aedificandas
1091 972 1218 992 curasse
1237 972 1307 992 eum
1321 961 1480 991 Eusebius
1494 962 1584 992 testis
1602 961 1684 1000 sit3),
1702 962 1733 992 in
1750 962 1828 992 urbe

179 1014 284 1045 Roma
307 1013 348 1045 ad
373 1024 445 1044 eum
469 1013 670 1054 aliquatenus
695 1016 783 1043 certe
808 1012 944 1043 redeunt
966 1013 1118 1043 basilicae
1137 1012 1220 1044 duae
1237 1013 1400 1043 Laterana
1419 1016 1451 1043 et
1464 1013 1631 1043 Vaticana.
1678 1013 1715 1044 In
1732 1013 1828 1044 domo

179 1066 341 1096 Laterana
365 1076 436 1096 cum
453 1065 517 1095 iam
535 1076 563 1096 a.
581 1066 642 1095 313
660 1064 810 1095 iudicium
826 1065 971 1095 habitum
989 1065 1029 1095 sit
1047 1064 1086 1096 de
1104 1065 1282 1096 Donatistis
1299 1065 1447 1106 praeside
1466 1066 1617 1107 episcopo
1636 1065 1828 1103 Miltiade⁴>,

180 1128 251 1148 eam
281 1117 321 1148 ab
351 1117 421 1159 ipso
450 1116 659 1147 Constantino
690 1116 841 1158 episcopo
871 1117 900 1146 ei
930 1116 1013 1147 dono
1046 1116 1153 1147 datam
1185 1127 1255 1147 esse
1284 1128 1347 1147 non
1377 1117 1523 1147 absimile
1548 1117 1615 1147 veri
1645 1120 1708 1151 est;
1742 1120 1828 1148 certe

180 1169 317 1200 ecclesia
340 1169 383 1199 ibi
407 1169 491 1200 facta
514 1172 549 1198 ut
571 1168 603 1198 in
626 1167 687 1198 hoc
710 1168 791 1198 libro
816 1168 950 1209 passim.
982 1168 1027 1198 ita
1057 1168 1119 1198 iam
1150 1168 1181 1198 in
1205 1168 1283 1198 actis
1308 1168 1421 1209 synodi
1445 1168 1610 1199 Romanae
1636 1180 1662 1199 a.
1683 1170 1743 1200 457
1769 1179 1826 1209 ap-

178 1221 317 1263 pellatur
341 1219 471 1251 basilica
498 1219 766 1250 Constantiniana
790 1219 896 1255 (Thiel
920 1230 950 1260 p.
969 1220 1056 1259 259).
1102 1219 1273 1250 Basilicam
1299 1219 1436 1261 denique
1462 1221 1562 1251 sancti
1580 1221 1667 1251 Petri
1691 1221 1722 1251 in
1735 1220 1827 1251 Vati-

180 1283 257 1303 cano
282 1283 301 1303 a
326 1271 534 1303 Constantino
560 1270 575 1301 I
598 1270 800 1302 aedificatam
825 1281 895 1301 esse
919 1270 1016 1301 fidem
1041 1271 1160 1301 faciunt
1184 1276 1216 1302 et
1233 1272 1363 1312 tegulae
1382 1271 1425 1302 ibi
1442 1276 1591 1314 repertae
1611 1273 1679 1303 eius
1696 1273 1823 1303 nomine

178 1325 347 1366 inscriptae
359 1323 385 1365 5)
410 1327 442 1354 et
466 1322 551 1365 quod
575 1323 605 1353 in
630 1323 698 1353 eius
722 1333 796 1353 arcu
821 1322 961 1364 quodam
986 1323 1105 1353 lectum
1130 1328 1177 1353 est
1202 1323 1402 1364 epigramma
1425 1324 1674 1357 11011551111111116Ὴ
1701 1324 1828 1354 accedit

179 1377 313 1407 alterum
337 1386 356 1406 a
383 1378 490 1406 nostro
523 1378 652 1406 auctore
684 1375 751 1405 solo
776 1375 843 1406 fere
868 1375 1003 1406 relatum
1029 1375 1228 1405 Constantini
1256 1379 1288 1406 et
1317 1375 1464 1406 Helenae
1493 1376 1610 1415 (57.10)
1643 1380 1826 1417 corruptum

178 1439 282 1470 neque
306 1431 415 1458 tamen
440 1427 619 1458 confictum.
665 1426 771 1457 Etiam
796 1426 961 1457 basilicam
986 1431 1115 1457 sanctae
1133 1426 1269 1467 Agnetis
1292 1427 1408 1457 factam
1433 1438 1503 1457 esse
1527 1438 1545 1458 a
1563 1427 1740 1458 Constantii
1764 1428 1828 1458 tilia

178 1490 241 1510 non
258 1479 452 1517 Constantia,
476 1482 510 1509 ut
526 1478 643 1519 legitur
665 1479 696 1508 in
720 1478 779 1508 hoc
804 1478 884 1509 libro
905 1480 1002 1515 6223,
1029 1478 1085 1508 sed
1104 1478 1312 1509 Constantina
1337 1482 1472 1509 testatur
1496 1480 1604 1510 titulus
1629 1480 1826 1510 aerostiehus

178 1531 371 1562 Buecheleri
394 1541 422 1561 n.
441 1532 513 1561 301.
559 1530 707 1572 Denique
731 1530 892 1561 Helenam
917 1534 1052 1560 matrem
1071 1529 1270 1560 Constantini
1295 1531 1453 1572 sepultam
1479 1541 1549 1562 esse
1574 1531 1604 1561 in
1629 1531 1707 1562 urbe
1724 1531 1828 1562 Roma

177 1586 287 1613 auctor
308 1588 417 1613 noster
433 1582 499 1623 (65,
512 1594 546 1613 21.
571 1584 622 1621 66,
637 1582 672 1619 11)
698 1585 730 1613 et
746 1581 905 1613 Eusebius
930 1582 1008 1622 (vita
1026 1582 1226 1612 Constantini
1244 1584 1272 1615 3.
1286 1584 1324 1617 11)
1349 1583 1469 1623 pariter
1492 1583 1643 1613 referunt.
1670 1601 1707 1604 ——
1732 1582 1824 1613 Haec

177 1644 323 1664 verarum
348 1634 539 1664 relationum
563 1633 679 1664 indicia
702 1637 737 1664 ut
760 1633 932 1675 diligenter
956 1632 1172 1674 expendenda
1196 1637 1285 1665 sunt.
1311 1634 1354 1664 ita
1378 1644 1441 1664 non
1465 1634 1718 1665 obliviscendum
1743 1634 1825 1665 tradi

177 1685 257 1716 haec
287 1696 306 1716 a
329 1685 574 1716 mendacissimo
599 1688 755 1726 nugatorc
781 1685 912 1726 eiusque
942 1685 1038 1715 solius
1062 1685 1159 1716 fidein
1184 1695 1259 1715 vere
1289 1685 1409 1715 nullam
1434 1695 1519 1724 csse,
1549 1696 1586 1716 00
1612 1687 1715 1727 inagis
1740 1685 1825 1727 quod

177 1740 246 1768 tota
269 1737 349 1767 haec
372 1737 511 1767 narratio
530 1736 793 1767 Constantiniana
818 1740 886 1767 arte
912 1737 1080 1768 coniuncta
1105 1740 1153 1767 est
1178 1747 1248 1767 cum
1272 1736 1467 1778 baptismate
1490 1736 1699 1768 Silvestriano
1725 1737 1827 1778 (twa-24

178 1792 210 1819 et
234 1789 287 1829 al.)
313 1792 345 1819 et
373 1789 439 1818 sine
464 1787 560 1818 dubio
585 1788 693 1819 labem
718 1788 791 1819 inde
817 1789 923 1819 traxit.
969 1788 1053 1824 Quid
1078 1788 1162 1830 quod
1187 1788 1272 1830 apud
1297 1788 1379 1819 hunc
1403 1792 1567 1819 auctorem
1598 1789 1693 1819 etiarn
1725 1790 1826 1820 sancti

178 1841 269 1871 Pauli
293 1840 425 1871 basilica
448 1850 466 1870 a
484 1839 692 1870 Constantine
718 1839 830 1871 dicitur
854 1840 939 1871 facta
963 1850 1033 1871 esse
1052 1841 1117 1880 (60,
1133 1840 1180 1877 11),
1206 1850 1300 1881 quam
1319 1850 1360 1870 ex
1377 1841 1530 1881 rescripto
1547 1840 1765 1871 Valentiniani
1783 1841 1825 1879 II7

178 1891 352 1923 Theodosii
376 1895 407 1922 et
423 1891 554 1922 Arcadii
578 1891 693 1922 emisso
718 1891 759 1922 ad
777 1891 1177 1932 Sallustiumpraefectum
1196 1891 1282 1922 urbis
1307 1895 1432 1922 constat
1456 1895 1604 1933 coeptam
1630 1902 1701 1922 esse
1726 1892 1823 1923 fabri-

179 1944 242 1975 cari
266 1954 295 1974 a.
321 1943 450 1974 demum
474 1945 534 1974 386
565 1943 737 1984 (Avellana
766 1943 816 1974 ed.
841 1943 1008 1974 Guenther
1036 1944 1098 1974 vol.
1122 1949 1131 1974 1
1165 1954 1215 1985 ep.
1233 1945 1274 1982 3).
1329 1943 1399 1974 Hoc
1430 1943 1605 1974 tenendum
1634 1947 1668 1974 ut
1698 1945 1827 1974 nomina

179 1995 285 2035 dubia,
309 1996 354 2026 ita
377 1995 463 2036 ipsos
479 1994 599 2025 indices
617 2001 782 2036 corruptos
799 1995 966 2032 incuriose,
991 1994 1048 2026 sed
1071 1995 1102 2025 in
1119 2005 1242 2025 summa
1266 2006 1299 2026 re
1317 1996 1462 2036 geminos
1480 2006 1549 2026 esse
1567 2005 1733 2026 recensum
1753 2006 1827 2026 con-

178 2048 316 2079 tinentes
339 2046 544 2088 largitionum
568 2047 845 2088 imperatoriarum
874 2047 1001 2077 saeculo
1032 2047 1231 2088 potissimum
1263 2050 1374 2088 quarto
1403 2047 1546 2078 ecclesiis
1576 2046 1828 2078 Christianorum

178 2099 210 2130 111
232 2099 326 2130 Italia
350 2098 540 2130 oblatarum.
586 2097 652 2129 Sed
675 2101 784 2129 tamen
808 2109 878 2129 cum
903 2099 1048 2130 laterculi
1072 2099 1103 2129 hi
1127 2109 1191 2129 non
1215 2098 1255 2130 ad
1280 2100 1415 2130 formam
1439 2099 1511 2129 libri
1533 2099 1730 2140 pertineant,
1766 2109 1829 2130 non

286 2228 305 2260 ¹)
324 2229 391 2260 Quid
409 2229 536 2261 significet
555 2229 679 2260 possessio
693 2233 832 2260 praestans
850 2229 948 2254 nomini
967 2228 1017 2260 (vel
1032 2230 1141 2261 nominc)
1163 2230 1368 2254 Christianorum
1387 2230 1482 2254 solidos
1500 2229 1637 2259 (215034,
1649 2230 1691 2258 13),
1712 2230 1828 2261 equidem

179 2273 272 2297 neseio.
297 2285 327 2288 —
351 2271 476 2296 Schenica
499 2271 599 2296 deserta
625 2272 651 2296 in
674 2273 734 2296 urbe
755 2273 900 2298 Albanense
919 2272 1016 2304 (69,·20)
1041 2273 1171 2305 Nibbyum
1198 2274 1249 2297 fere
1276 2278 1378 2297 secutus
1398 2273 1503 2297 Rossius
1523 2272 1604 2303 (Ball.
1624 2273 1651 2296 (Ζὶ
1670 2273 1740 2297 (iz-cli.
1760 2273 1827 2297 crist.

180 2314 246 2340 1869
265 2324 287 2347 p.
302 2313 342 2339 76.
368 2313 434 2339 1873
452 2323 476 2346 p.
490 2313 549 2346 102)
570 2316 692 2340 iudicavit
709 2320 793 2341 castra
812 2325 866 2341 esse
886 2317 994 2348 legionis
1008 2318 1031 2340 II
1050 2317 1185 2341 Parthicae
1199 2317 1337 2341 constituta
1350 2317 1385 2341 ibi
1399 2325 1443 2349 per
1456 2317 1587 2341 saeculum
1607 2317 1719 2343 tertium.
1739 2320 1829 2348 quarto

179 2362 265 2383 autem
283 2358 405 2383 translata
424 2358 450 2382 iu
469 2358 606 2383 Orientem.
642 2360 675 2384 At
698 2360 807 2384 scaenici
832 2360 985 2384 vocabulum
1008 2360 1098 2384 Latine
1117 2360 1197 2392 accipi
1216 2369 1290 2392 posse
1310 2369 1353 2392 pro
1373 2360 1495 2384 castrensi
1514 2368 1595 2391 nego,
1616 2360 1829 2392 cogitandumque

179 2402 264 2433 potius
281 2402 330 2426 erit
347 2401 378 2426 de
397 2401 494 2426 theatro
513 2410 572 2426 cum
591 2402 654 2426 villa
672 2403 834 2435 imperatoria
857 2403 993 2428 coniuncto
1013 2404 1127 2433 (51101011.
1146 2404 1219 2427 Dum.
1233 2404 1268 2434 4).
1367 2402 1388 2435 ²)
1409 2403 1564 2427 Ambrouius
1583 2402 1633 2432 (59,
1647 2410 1671 2432 εὶς
1691 2412 1714 2426 v.
1730 2403 1744 2426 l.
1766 2403 1827 2427 Am-

180 2444 287 2476 brosius)
306 2445 361 2469 sive
374 2444 529 2477 Hybromz'us
543 2444 627 2475 (GO,3)
646 2445 707 2470 alibi
727 2455 777 2470 11011
797 2447 942 2471 nominatur
961 2455 1007 2471 uec
1027 2447 1107 2479 magis
1125 2445 1337 2476 Festus(55,19>,
1357 2455 1432 2477 quen]
1452 2446 1541 2470 classis
1555 2447 1590 2470 ΙΙΙ
1610 2446 1733 2470 librorum
1749 2454 1828 2477 prae-

175 2488 286 2519 positum
305 2488 373 2512 sacri
392 2487 499 2512 cubiculi
517 2488 586 2512 facit.
695 2488 715 2519 ³)
736 2489 795 2513 Vita
814 2489 974 2513 Constantini
995 2488 1017 2517 1,
1029 2495 1060 2513 42.
1080 2488 1103 2515 2.
1115 2496 1146 2513 45.
1183 2489 1309 2521 Exposuit
1328 2489 1357 2513 de
1376 2490 1444 2513 111500
1464 2489 1645 2513 donationibus
1664 2489 1827 2513 Constantini

180 2531 284 2554 Rossius
295 2530 367 2555 Ball.
381 2531 408 2554 di
427 2531 497 2555 areli.
508 2531 575 2555 crist.
588 2530 653 2555 1863
672 2540 695 2563 p.
707 2531 748 2556 49.
838 2532 858 2561 ⁴)
877 2533 986 2564 Optatus
1006 2532 1172 2556 Milevitanus
1191 2533 1221 2556 de
1240 2533 1341 2556 schism.
1356 2533 1483 2556 Donatist.
1498 2532 1512 2555 l.
1525 2531 1539 2556 1
1559 2540 1581 2555 c.
1593 2530 1637 2555 ⁴23:
1657 2536 1828 2556 convenerunt

179 2573 301 2606 (episcopi
318 2574 424 2605 iudices)
443 2574 469 2598 in
488 2573 589 2598 domum
608 2573 722 2598 Faustae
747 2574 863 2604 (sortasse
889 2576 975 2600 uxoris
994 2575 1164 2605 Constantini)
1189 2575 1214 2599 in
1234 2574 1374 2599 Laterano.
1481 2575 1500 2605 ⁵)
1522 2574 1549 2598 C.
1564 2575 1581 2598 Ι.
1597 2575 1626 2598 L.
1646 2574 1693 2598 XV
1712 2583 1736 2598 n.
1754 2574 1829 2599 1556.

180 2616 245 2640 Sane
270 2620 386 2649 expectes
411 2625 498 2641 earum
521 2620 597 2641 testes
620 2617 706 2649 plures
730 2621 754 2641 et
777 2618 903 2642 certiores.
1012 2618 1032 2648 6)
1052 2619 1090 2642 Ex
1109 2619 1244 2650 Anonymo
1264 2617 1416 2642 Einsidlensi
1437 2617 1474 2647 (C.
1490 2618 1508 2641 I.
1522 2618 1550 2641 L,
1571 2617 1620 2641 vol.
1632 2618 1667 2640 VI
1686 2625 1708 2649 p.
1723 2618 1746 2641 X
1767 2617 1828 2647 11.6)

179 2659 288 2690 aliisque
306 2660 446 2684 Buecheler
464 2660 559 2684 anthol.
572 2661 627 2684 Lat.
647 2658 743 2684 n.300:
763 2660 831 2691 quod
850 2660 912 2685 (luce
932 2665 952 2685 te
971 2661 1083 2685 mundus
1101 2661 1213 2685 surrexit
1231 2661 1257 2684 in
1276 2665 1347 2684 astra
1366 2661 1536 2692 triumphans,
1554 2661 1621 2685 lianc
1642 2659 1829 2684 Constantinus

179 2702 256 2726 victor
279 2702 322 2726 tibi
345 2703 457 2727 condidit
480 2703 577 2727 aulam.
613 2703 725 2727 Alterius
747 2711 848 2734 quoque
873 2704 1044 2735 inscriptionis
1067 2704 1099 2728 ab
1124 2704 1212 2728 eodem
1230 2705 1365 2735 Anonymo
1390 2707 1512 2735 exceptae
1535 2704 1605 2733 ((3.1.
1622 2704 1650 2727 L.
1669 2703 1685 2727 l.
1701 2711 1722 2727 0.
1743 2712 1768 2727 11.
1783 2702 1829 2733 1ος

180 2746 320 2771 Buecheler
337 2755 362 2771 n.
374 2745 435 2777 315>
453 2750 523 2778 pater
545 2750 570 2770 et
588 2746 656 2770 filius
675 2746 729 2770 sine
749 2746 825 2770 dubio
844 2750 905 2770 sunt
923 2747 1131 2771 Constantinusl
1151 2751 1175 2771 et
1194 2750 1240 2771 aut
1259 2747 1443 2771 Constantinus
1459 2747 1480 2770 [Ι
1499 2750 1544 2771 aut
1567 2747 1733 2771 Constantius
1747 2747 1781 2769 11.
1799 2759 1830 2763 -

180 2789 281 2813 Titulus
300 2788 334 2813 ‘in
352 2789 463 2820 imagine
481 2789 650 2814 Constantini'
670 2789 763 2813 ibidem
781 2789 840 2813 olim
860 2789 940 2813 lectus
959 2788 1109 2819 (Buecheler
1128 2799 1152 2814 11,
1166 2789 1226 2821 902)
1246 2790 1300 2813 sine
1320 2790 1397 2814 dubio
1417 2790 1508 2814 aetatis
1527 2794 1564 2813 est
1584 2790 1658 2821 longe
1679 2789 1826 2821 posterioris

179 2831 294 2855 alludens
312 2832 342 2856 ad
361 2833 494 2856 sanitatem
512 2836 615 2863 aegroto
633 2841 648 2855 a
667 2833 740 2856 Petro
759 2832 888 2861 redditam,
909 2832 932 2855 id
951 2837 989 2856 est
1007 2833 1038 2856 ad
1058 2832 1142 2864 leprae
1161 2832 1285 2856 fabulam.

1591 2883 1622 2907 d*
