2245 3213
866 208 1148 235 PROLEGOEMNA.
1745 212 1831 236 t'XIH

186 304 227 324 ex
253 304 387 334 corpore
411 293 547 323 vitarum
572 293 667 334 pleno
693 297 734 327 et,
760 298 915 335 quatenns
940 295 1025 336 prior
1049 296 1211 337 pervenit,
1237 307 1277 326 ex
1307 297 1493 326 recensione
1523 298 1589 327 eins
1613 298 1753 338 eorporis
1778 298 1833 327 de-

186 345 313 387 perdita
343 348 375 376 et
405 355 443 375 ea
473 355 554 386 quae
586 348 676 375 extat
707 346 841 376 subinde
871 348 1003 377 meliore
1029 347 1124 378 hodie
1149 359 1211 378 non
1237 348 1425 388 ambigitur,
1456 352 1625 389 postquam
1652 349 1832 390 opinionem

185 397 286 438 Lipsii
310 395 526 436 (Chronoloyic
547 396 601 426 dor
617 397 788 427 ›v'imisrtltcu
804 398 952 436 Risi-leaf?
974 401 1051 429 156⁴.)
1078 410 1106 440 p.
1125 401 1258 440 bllseq.)
1284 401 1385 441 ipsam
1411 401 1552 441 eorporis
1578 401 1674 430 nostri
1700 401 1833 431 formam

185 449 392 479 vetustiorem
405 449 639 488 repraesentari
654 448 762 478 libello
775 449 938 480 Feliciano
950 450 1151 480 Duchesnius
1166 452 1316 492 (primum
1330 452 1420 481 (stude
1435 462 1492 481 sm·
1509 451 1534 481 lv
1551 451 1627 481 lilwr
1638 452 1832 490 pontificalis

192 501 280 538 1877,
318 499 434 530 deinde
469 500 499 530 in
534 500 736 540 praefatione
766 500 926 538 editionis)
957 502 1135 532 luculenter
1166 503 1343 533 confutavit
1373 503 1574 533 adsentiente
1600 514 1675 533 mox
1692 503 1832 533 XVaitzio

186 552 293 592 (maces
316 551 434 581 Archiv
459 554 474 581 *l
501 562 527 581 a.
551 553 628 593 1579
654 562 683 592 p.
707 553 766 581 217
787 558 885 593 seq.),
910 563 1014 594 neque
1039 554 1069 583 in
1095 564 1127 584 re
1153 554 1293 584 evidenti
1318 555 1380 584 iam
1406 565 1463 584 nos
1487 555 1690 585 morabimur.
1738 555 1832 585 Utra-

187 613 247 644 que
290 603 428 644 epitome
469 613 539 633 cum
575 603 620 633 ita
657 603 741 633 facta
775 604 828 641 sit,
863 608 896 634 ut
929 605 1070 646 corporis
1112 605 1246 636 breviati
1282 606 1350 646 ipsa
1385 606 1484 636 verba
1521 617 1642 636 summa
1679 606 1833 636 fidelitate

185 655 343 685 retineant
373 658 405 685 et
433 664 503 684 raro
539 664 643 695 neque
678 655 737 685 nisi
765 655 796 685 in
827 656 962 686 minimis
989 656 1063 686 inde
1095 656 1264 695 recedant,
1294 657 1334 687 ad
1359 658 1451 687 crisin
1477 658 1548 688 libri
1573 659 1664 688 solito
1689 658 1832 688 utiliores

185 710 265 736 sunt.
300 724 339 728 —
370 706 462 736 Duae
494 706 656 747 epitomae
686 717 878 748 quamquam
908 708 939 737 in
969 708 1074 738 multis
1104 707 1253 738 differunt
1286 713 1317 738 et
1348 709 1465 750 passim
1490 709 1591 739 altera
1616 714 1685 739 utra
1710 710 1833 750 plenior

185 758 356 796 invenitur,
374 761 529 799 quatenus
552 757 682 788 easdem
708 759 788 789 vitas
814 758 951 796 tradunt,
978 760 1148 790 verisimile
1167 764 1216 790 est
1233 760 1394 801 profectas
1419 771 1491 790 esse
1516 771 1577 790 non
1603 771 1643 791 ex
1667 762 1737 802 ipso
1764 772 1832 791 eor-

185 820 263 851 pore
288 820 307 840 a
329 809 452 840 duobus
468 819 611 840 seorsum
629 810 783 847 breviato,
809 810 865 841 sed
889 821 930 841 ex
955 811 1097 852 epitoma
1121 812 1274 852 ampliore
1299 811 1432 842 redacta
1458 823 1563 842 rursus
1588 813 1618 842 in
1645 813 1833 853 compendia

187 862 249 892 duo
276 861 410 892 diversa.
456 861 572 892 Elucet
602 861 634 892 id
657 873 719 892 non
743 865 807 892 tam
833 873 873 893 ex
901 863 1061 893 erroribus
1090 864 1216 904 utrique
1241 864 1478 899 communibus,
1504 874 1635 904 quornm
1661 875 1735 894 mox
1760 875 1832 904 spc-

186 914 290 944 cimen
315 913 470 952 dabimus,
496 914 614 955 quippe
639 925 718 955 quos
744 914 784 944 ad
808 915 1065 945 communionem
1083 915 1249 956 archetypi
1274 926 1426 946 revocare
1444 916 1556 957 possis,
1576 927 1669 956 quam
1695 926 1735 945 ex
1757 916 1834 946 locis

186 965 330 1007 pariliter
353 966 532 1003 contractis,
558 966 668 1007 quales
693 970 764 996 sunt
788 966 819 996 hi
844 967 905 996 rari
930 967 950 996 ii
975 966 1115 1008 quidem,
1142 967 1520 1008 (pionia111,11tdixin1us,
1547 968 1709 1008 epitomae
1735 968 1833 997 verba

190 1017 307 1048 tradita
332 1017 398 1047 fere
424 1017 572 1055 retinent,
597 1017 654 1048 sed
678 1028 741 1048 non
765 1017 964 1048 deficientes:

187 1080 236 1117 75,
255 1090 264 1108 1
287 1077 346 1108 fuit
363 1080 470 1108 autem
488 1078 686 1119 temporibus
703 1078 902 1109 Constantini
921 1104 926 1108 .
946 1103 951 1108 ,
972 1104 977 1109 .
1034 1079 1104 1109 FK
1123 1079 1181 1109 fuit
1205 1082 1313 1109 autem
1342 1079 1540 1120 temporibus
1573 1079 1772 1109 Constantini
1803 1083 1835 1109 et

289 1139 307 1159 a
324 1130 489 1160 consulatu
506 1129 660 1160 Feliciani
678 1133 710 1159 et
724 1129 889 1160 Maximini
907 1130 979 1160 libri
1138 1130 1293 1161 Feliciani
1319 1133 1351 1161 et
1375 1130 1543 1161 Maximini

285 1180 371 1219 pleni
385 1180 450 1219 fere
474 1192 543 1211 cum
562 1183 621 1212 cat.
640 1181 725 1211 Lib..·
750 1182 808 1212 fuit
825 1182 979 1222 tempori-

290 1233 349 1264 bus
374 1232 575 1263 Constantini
598 1243 617 1263 a
641 1233 811 1263 consulatu
831 1232 985 1263 Feliciani

291 1288 323 1315 et
346 1284 463 1315 Titiani

187 1339 236 1372 77,
255 1350 276 1368 ιι
313 1340 405 1367 extra
443 1335 617 1366 secundum
656 1336 867 1376 baptismum,
908 1339 981 1366 tunc
1038 1336 1107 1367 FK
1127 1339 1265 1377 excepto
1290 1336 1494 1377 rebaptizare
1520 1336 1572 1377 qui
1590 1335 1735 1366 Liberius
1760 1346 1835 1366 con-

290 1388 387 1418 missa
404 1387 596 1418 auctoritate
614 1398 672 1428 per
685 1387 866 1418 Catulinum
881 1398 981 1428 agen-
1144 1388 1242 1417 sensit

291 1443 356 1470 tem
388 1439 419 1469 in
455 1438 550 1469 rebus
586 1442 618 1469 et
649 1439 741 1469 simul
772 1438 921 1469 Ursacius
953 1442 985 1469 et

290 1490 411 1521 Valens
429 1493 584 1520 venerunt
601 1490 642 1521 ad
659 1490 833 1522 Liberium.
861 1491 913 1532 qui
930 1490 984 1521 Li-

290 1542 398 1573 berius
424 1542 584 1572 consensit

188 1594 334 1626 Eandem
374 1594 535 1635 epitomen
571 1594 725 1624 maiorem
763 1604 833 1624 cum
874 1604 970 1634 supra
1007 1598 1051 1635 (p.
1081 1593 1174 1629 XIY)
1219 1593 1495 1623 observaverimus
1534 1596 1565 1623 et
1603 1594 1684 1623 infra
1722 1594 1834 1623 confir—

187 1647 303 1677 maturi
327 1647 423 1676 simus
447 1646 543 1676 etiam
568 1646 681 1676 tertiae
707 1646 815 1676 classis
840 1646 972 1686 principi
997 1656 1035 1675 ea
1059 1645 1359 1681 sul·›ininist1·avisse,
1386 1655 1467 1685 quae
1484 1644 1617 1674 adscivit
1634 1656 1675 1675 ex
1692 1644 1832 1675 edit-ione

187 1699 310 1739 priore,
339 1698 482 1738 sequitur
513 1708 583 1727 eam
612 1698 642 1727 in
670 1696 778 1727 Felice
802 1697 846 1727 IV
879 1697 1072 1731 substitisse,
1110 1697 1217 1737 itaque
1251 1696 1403 1736 quidquid
1435 1696 1475 1726 de
1507 1697 1692 1726 recensione
1731 1696 1833 1736 leniore

188 1750 314 1783 dicitur,
346 1760 407 1779 non
432 1749 599 1790 pervenire
624 1749 703 1778 ultra
729 1751 875 1789 tempora
899 1748 1164 1778 'l'heodericiana
1210 1747 1449 1788 Epitomatores
1480 1748 1510 1778 in
1547 1748 1626 1777 libro
1661 1748 1834 1778 breviando

188 1802 365 1832 resecuisse
395 1811 476 1842 quae
505 1801 673 1841 unicuique
704 1800 827 1830 inutilia
856 1799 1038 1830 viderentur
1071 1802 1319 1829 consentaneum
1346 1803 1409 1830 est:
1435 1799 1585 1829 differunt
1616 1800 1777 1830 Feliciana
1802 1804 1833 1830 et

189 1853 374 1884 Cononiana
396 1854 478 1884 inter
494 1853 556 1883 alia
580 1863 629 1885 eo,
655 1852 739 1893 quod
764 1852 966 1882 donariorum
991 1853 1104 1892 longos
1128 1862 1277 1881 recensus
1302 1852 1381 1881 haee
1405 1852 1435 1881 in
1461 1851 1684 1892 compendium
1709 1852 1834 1892 redegit

188 1905 360 1935 admodum
385 1905 480 1943 exile,
504 1905 558 1935 illa
583 1908 666 1935 totos
690 1904 817 1935 abiecit.

290 1956 396 1987 Editio
422 1957 501 1987 haec
525 1957 713 1998 ampliorem
738 1957 824 1986 illam
854 1956 1032 1997 epitomen,
1057 1958 1214 1996 quatenus
1244 1955 1379 1985 efficitur
1408 1965 1449 1985 ex
1477 1955 1640 1985 Felici-ana
1673 1958 1704 1984 et
1729 1955 1832 1985 Uono-

189 2009 282 2039 niana
314 2009 504 2045 coniunctis,
529 2011 751 2049 repraesentat
774 2008 804 2038 in
828 2007 1006 2049 appendice
1033 2007 1156 2037 duabus
1187 2007 1336 2047 epitomis
1361 2007 1404 2036 ita
1429 2007 1518 2036 iuxta
1543 2007 1667 2047 positis,
1692 2010 1725 2036 ut
1750 2010 1833 2036 utra-

190 2071 250 2102 que
275 2060 350 2101 quid
373 2060 492 2091 habeat
516 2060 567 2090 vel
591 2071 652 2090 non
678 2060 796 2090 habeat
819 2060 869 2089 vel
895 2059 939 2093 (id
970 2059 1055 2100 quod
1087 2069 1156 2088 raro
1181 2057 1309 2093 accidit)
1335 2061 1538 2099 transponat,
1570 2058 1643 2088 inde
1669 2058 1833 2087 efficiatur.

190 2113 365 2142 Praeterea
396 2112 426 2142 in
454 2112 524 2152 ipsa
553 2112 694 2152 corporis
727 2111 866 2141 editione
892 2122 973 2152 quae
998 2111 1029 2141 in
1054 2110 1210 2140 ambabus
1235 2110 1382 2150 epitomis
1408 2110 1457 2139 vel
1485 2110 1586 2139 altera
1611 2114 1680 2139 utra
1706 2120 1832 2149 compa-

190 2168 273 2198 rent,
303 2164 390 2194 uncis
417 2164 455 2204 <>
481 2163 804 2204 comprehenduntur.
851 2163 1069 2193 Recensiones
1095 2161 1176 2191 duae
1204 2161 1256 2191 ubi
1282 2161 1446 2199 differunt,
1480 2162 1601 2191 minuta
1625 2161 1780 2190 varietate
1805 2161 1834 2190 in

189 2219 379 2257 apparatum
413 2215 533 2245 reiecta
567 2225 641 2245 vere
673 2214 799 2245 diversa
834 2215 923 2245 iuxta
957 2217 1116 2255 ponuntur
1148 2213 1281 2243 adiectis
1312 2213 1342 2243 in
1376 2213 1520 2253 margine
1551 2213 1663 2242 litteris
1693 2216 1746 2242 aut
1773 2212 1838 2241 Fls

189 2267 294 2298 autF
313 2267 421 2297 autK
440 2270 493 2296 aut
518 2266 751 2303 P(ontificalis).
801 2266 833 2297 Si
866 2277 928 2307 qua
958 2266 1056 2296 habet
1092 2265 1236 2295 recensio
1273 2265 1367 2305 prior,
1406 2275 1487 2305 quae
1524 2264 1638 2294 absunt
1671 2274 1689 2293 a
1724 2274 1834 2293 recen-

190 2320 278 2349 sione
314 2318 505 2360 posteriore,
547 2328 586 2347 ea
625 2319 802 2359 posteriore
838 2318 974 2359 paginae
1010 2321 1100 2358 parte
1135 2320 1269 2347 vacante
1305 2317 1335 2346 in
1378 2317 1481 2357 priore
1518 2316 1666 2355 leguntur
1702 2315 1834 2345 adiectis

190 2371 302 2401 litteris
326 2369 448 2400 iisdem.
502 2369 658 2410 Epitomis
683 2369 806 2399 duabus
838 2380 919 2410 quac
952 2369 1132 2400 communia
1163 2372 1248 2402 sunt,
1277 2368 1317 2398 ab
1343 2368 1379 2397 iis
1403 2378 1484 2408 quae
1510 2371 1615 2396 servat
1640 2367 1740 2396 altera
1765 2371 1834 2396 utra

190 2423 258 2452 sola
281 2423 324 2452 ita
349 2421 597 2461 distinguuntur,
630 2424 664 2451 ut
692 2421 765 2451 solis
795 2422 883 2451 uncis
909 2422 918 2460 <
942 2421 951 2459 >
978 2420 1292 2461 comprehendantur
1316 2419 1505 2453 communia,
1531 2429 1611 2459 qnae
1637 2418 1735 2448 habet
1768 2418 1836 2448 sola

190 2473 367 2507 Feliciana,
397 2473 493 2513 signis
519 2471 540 2512 <‘
564 2471 602 2510 ¹),
636 2482 718 2512 quae
743 2472 840 2502 habet
869 2471 1055 2502 Cononiana
1085 2472 1167 2507 sola,
1192 2471 1289 2511 signis
1309 2471 1326 2509 ('
1360 2470 1390 2508 ⁴).
1441 2470 1470 2500 A
1501 2474 1591 2500 textu
1616 2473 1723 2499 nostro
1749 2469 1835 2499 edito

190 2525 243 2555 ubi
273 2524 426 2555 recedunt
458 2524 632 2564 epitomae.
664 2524 752 2554 varia
784 2524 878 2554 lectio
915 2534 1025 2553 earum
1059 2524 1089 2553 in
1126 2526 1317 2563 apparatum
1353 2526 1483 2562 recepta
1513 2526 1561 2551 est
1591 2521 1709 2561 pariter
1739 2524 1834 2561 atque

190 2577 334 2607 codicum
367 2576 559 2606 recensionis
590 2576 715 2616 plenae.
774 2574 895 2605 Debuit
929 2585 979 2605 res
1015 2575 1059 2605 ita
1096 2575 1231 2608 institui,
1268 2574 1415 2614 quoniam
1451 2574 1481 2602 in
1517 2583 1648 2613 corpore
1683 2572 1743 2602 hoc
1779 2572 1834 2602 ad-

190 2628 329 2659 hibendo
354 2628 535 2658 necessaria
560 2631 609 2657 est
630 2627 791 2668 separatio
816 2637 926 2657 eorum
953 2628 1106 2661 locorum,
1131 2636 1209 2666 qnos
1233 2626 1329 2655 fuisse
1354 2626 1384 2654 in
1409 2625 1594 2654 recensione
1619 2625 1724 2665 priore
1749 2629 1835 2654 certo

191 2680 372 2711 testimonio
397 2682 538 2715 constat,
562 2689 666 2719 neque
691 2678 905 2708 oblitteranda
929 2679 987 2709 fuit
1021 2678 1183 2718 utriusque
1209 2677 1369 2717 epitomae
1395 2676 1561 2706 diversitas
1586 2679 1617 2705 et
1641 2677 1835 2716 proprietas3

190 2732 293 2772 potuit
317 2731 517 2763 instituiiita,
544 2731 693 2771 quoniam
719 2730 893 2771 epitomae,
919 2734 952 2760 ut
976 2729 1123 2765 diximus,
1148 2739 1279 2769 perraro
1304 2727 1398 2757 verba
1426 2727 1542 2757 tradita
1565 2731 1727 2757 mutarunt
1751 2731 1782 2757 et
1806 2728 1835 2757 in

191 2793 314 2813 summa
337 2793 370 2813 re
395 2784 425 2813 in
451 2781 632 2813 breviandis
656 2782 693 2812 iis
718 2792 751 2811 se
777 2782 1010 2812 continuerunt.
1058 2780 1147 2815 Quae
1172 2779 1355 2810 Dnchesnio
1390 2779 1508 2820 placuit
1537 2779 1630 2812 ratio,
1660 2782 1693 2808 ut
1717 2779 1836 2809 variam

193 2835 365 2866 lectionem
390 2834 547 2874 tripertito
577 2833 782 2863 distribueret
812 2836 844 2863 et
874 2833 914 2863 ad
945 2836 1009 2863 tres
1039 2835 1146 2862 textus
1180 2830 1313 2861 traditos
1337 2834 1483 2871 quartum
1508 2829 1649 2860 adiceret
1674 2831 1835 2861 coniectu-

293 2902 366 2919 LlBER
385 2901 556 2918 PONTlFlCALlS
576 2901 591 2919 l.
1616 2899 1630 2922 p
