2245 3213
360 1394 381 1415 ’ἐ

1092 217 1368 244 PROLEGOMENA.

564 306 622 336 hoc
656 305 870 335 anathematis
897 306 900 343 Ι
927 316 960 335 se
986 307 989 333 f
1017 304 1148 334 vinculis
1183 304 1350 334 inretisset.
1383 304 1387 342 Ι
1416 314 1472 345 pro
1505 303 1617 334 diebus
1650 307 1757 335 autem
1785 305 1989 346 paschalibus
2013 305 2053 335 ab

561 358 706 388 omnibus
739 367 842 398 paene
869 358 871 395 Ι
900 357 946 387 vir
974 356 1166 386 venerabilis
1198 355 1312 386 Petrus
1342 355 1492 386 Altinatis
1524 356 1692 397 episeopus
1719 356 1723 396 Ι
1752 366 1771 387 a
1799 366 1876 397 rege
1909 357 2055 387 visitator

564 409 720 439 ecclcsiae
744 408 910 438 Romanae
935 407 1119 448 deposcitur
1140 406 1143 446 Ι
1165 410 1197 437 et
1220 410 1293 448 post
1321 410 1463 438 sanctam
1488 407 1695 438 festivitatem
1725 407 1864 449 synodus
1886 408 1918 438 in
1940 408 2053 439 urbem

564 460 699 491 Romani
725 470 780 501 pro
806 460 968 489 voluntate
994 462 1123 489 senatus
1148 462 1180 489 et
1204 459 1279 489 cleri
1306 459 1438 490 iubente
1463 469 1540 500 rege
1565 459 1605 490 de
1630 460 1698 490 eius
1723 459 1910 491 excessibus
1933 459 2053 490 iudica-

562 518 629 543 tura
656 512 803 542 convenit
834 515 929 552 atque
959 510 990 541 id
1022 511 1127 551 agitur
1147 512 1151 550 Ι
1172 521 1190 541 a
1214 511 1371 542 nonnullis
1402 511 1560 553 episcopis
1585 515 1617 542 et
1641 511 1853 554 senatorib[us
1883 510 2052 554 t]an[tu]m‚

559 562 779 605 Symmaclhus
812 562 862 603 11οΙ
885 564 894 600 ΙΙ
919 562 1102 593 audientiae
1127 562 1327 601 subderetur,
1355 565 1358 600 Ι
1384 563 1443 593 1100
1467 563 1573 604 palam
1598 574 1655 605 pro
1680 564 1747 594 eius
1778 563 1964 594 defensione
1988 564 2053 594 cla-

559 614 728 647 mantibus,
754 613 839 655 quod
864 624 881 644 a
903 614 988 644 nullo
1013 614 1113 655 possit
1130 614 1292 645 Romanus
1317 614 1473 655 pontifex,
1495 616 1498 653 Ι
1520 615 1645 645 etiamsi
1670 615 1742 645 talis
1759 615 1808 653 sit,
1833 615 1935 656 qualis
1959 625 2052 646 accu-

557 675 658 698 satur.
683 665 794 696 audiri.
823 667 826 704 Ι
856 665 913 696 sed
943 666 1110 696 electiores
1135 666 1293 696 antistites
1319 670 1322 699 Ι
1350 670 1415 696 tam
1444 676 1501 707 pro
1530 667 1693 707 religionis
1717 666 1832 697 intuitu
1853 667 1856 706 Ι
1878 676 1972 707 quam
1994 676 2052 708 pro

559 718 647 758 regia
685 717 822 747 iussione
858 717 1033 747 censebant
1069 720 1178 747 tantae
1214 718 1260 748 rei
1296 718 1460 758 negotium
1490 727 1594 758 paene
1630 718 1749 759 ubique
1779 718 1946 759 vulgatum
1981 718 2049 748 sine

557 769 704 799 examine
741 769 921 799 nullatenus
958 768 1180 799 deserendum.
1208 771 1211 807 Ι
1241 780 1376 811 cumque
1407 769 1546 810 synodus
1577 769 1635 800 sub
1659 769 1719 800 hac
1752 769 1947 800 dissonantia
1983 769 2053 810 plus

559 821 640 851 inter
665 824 770 861 partes
787 820 981 850 ministraret
997 821 1141 851 fomenta
1158 820 1348 859 discordiae,
1370 823 1374 859 Ι
1396 820 1525 851 tandem
1542 821 1713 860 constituit,
1738 824 1773 851 ut
1795 820 1933 859 libellus,
1958 831 2054 862 quem

559 872 739 903 offerebant
761 875 963 902 accusatores
988 872 1181 913 Symmachi,
1208 876 1375 915 susceptus
1399 873 1482 903 inter
1499 875 1592 914 gesta
1609 873 1807 903 sollemniter
1822 872 2028 914 panderetur.
2051 873 2054 911 Ι

559 935 620 965 qno
644 925 728 954 facto
753 934 829 954 mox
854 924 857 963 Ι
882 934 940 965 1)οι-
964 925 1133 966 episcopos
1159 925 1163 964 Ι
1188 924 1275 955 idem
1301 924 1528 967 Symmachus,
1558 927 1592 955 ut
1622 927 1804 955 occurreret
1826 924 1867 955 ad
1889 923 2052 963 iudicium,

559 977 752 1007 convenitur.
775 978 778 1015 Ι
800 976 856 1007 sed
874 987 943 1007 cuin
968 987 1027 1018 per
1051 977 1193 1014 clericos,
1218 978 1271 1019 qui
1288 978 1317 1008 ei
1342 977 1568 1015 observabant,
1592 977 1705 1008 fuisset
1723 977 1791 1008 eius
1814 980 1934 1018 negata
1957 987 2051 1019 prae-

559 1029 670 1058 sentia.
692 1029 695 1065 Ι
716 1029 831 1059 iterum
856 1032 888 1059 et
912 1029 1006 1059 tertio
1031 1029 1205 1060 secundum
1230 1030 1369 1070 regulas,
1393 1032 1428 1060 ut
1451 1028 1492 1059 ad
1516 1028 1704 1070 synodalem
1727 1029 1898 1060 conveniat
1918 1028 2051 1060 audien-

559 1081 648 1110 tiam.
685 1090 742 1121 per
772 1081 929 1111 antistites
963 1080 1162 1114 admonetur,
1195 1084 1198 1118 Ι
1231 1081 1417 1122 nullumque
1450 1080 1599 1122 dignatus
1635 1084 1683 1111 est
1713 1080 1790 1112 dare
1820 1090 2019 1122 responsum.
2045 1080 2048 1121 Ι

558 1136 631 1163 tunc
661 1132 813 1173 aliquanti
839 1133 979 1174 episcopi
1005 1133 1152 1164 videntes
1173 1134 1177 1171 Ι
1197 1133 1275 1164 1111111
1299 1143 1333 1163 se
1356 1133 1388 1163 in
1413 1143 1509 1163 causa
1532 1132 1688 1174 proficere
1711 1132 1714 1172 Ι
1736 1133 1873 1172 clerum,
1907 1133 1961 1174 qui
1986 1132 2048 1164 dis-

559 1187 699 1214 cesserat
725 1185 727 1221 1
754 1194 773 1214 a
797 1185 955 1215 consortio
985 1184 1177 1226 Symmachi,
1204 1186 1207 1225 Ι
1233 1186 1334 1216 semel
1359 1185 1362 1225 Ι
1389 1188 1421 1216 et
1448 1185 1563 1216 iterum
1593 1187 1810 1221 commonent,
1843 1188 1878 1215 ut
1907 1184 1948 1216 ad
1985 1195 2057 1216 eum

560 1235 788 1276 praetermisso
814 1238 994 1266 revertatur
1018 1236 1177 1267 examine.
1200 1237 1203 1275 Ι
1225 1237 1277 1278 qui
1301 1247 1335 1267 se
1359 1247 1564 1278 nequaquam
1587 1237 1648 1267 1100
1672 1236 1778 1267 facere
1802 1246 1897 1278 posse
1920 1246 2054 1278 respon-

561 1286 615 1317 dit.
638 1288 641 1325 Ι
662 1287 848 1328 priusquam
874 1288 968 1318 tantis
993 1288 1175 1319 criminibus
1199 1288 1363 1330 impetitus
1382 1288 1577 1319 discussione
1603 1288 1741 1329 regulari
1763 1288 1766 1326 Ι
1786 1288 1839 1319 vel
1860 1288 2053 1320 absolvatur.

2074 781 2098 799 10

2075 1038 2097 1056 15

562 1339 586 1369 si
611 1339 762 1369 innocens
786 1339 895 1372 fuerit.
918 1339 921 1379 Ι
942 1340 1008 1375 vel,
1033 1340 1059 1370 si
1082 1350 1155 1370 reus
1180 1340 1332 1377 extiterit,
1360 1341 1363 1379 Ι
1384 1351 1402 1371 a
1426 1340 1606 1371 sacerdotio
1631 1339 1818 1382 deponatur.
1841 1339 1844 1380 Ι
1866 1339 1923 1370 sed
1951 1350 2057 1370 moras
2086 1373 2090 1376 ⁴

561 1391 702 1432 episcopi
725 1390 803 1432 11Ιο11
826 1389 989 1433 ferlentes,
1018 1393 1021 1430 Ι
1050 1402 1120 1422 011111
1145 1391 1292 1423 viderent
1321 1393 1424 1433 magis
1454 1394 1458 1430 Ι
1489 1402 1526 1423 ac
1549 1392 1652 1433 magis
1674 1393 1677 1431 Ι
1703 1391 1807 1422 studia
1832 1391 1835 1432 Ι
1860 1391 1869 1430 ΙΙ
1896 1391 2057 1422 divisionis

560 1443 679 1483 augeri.
699 1453 780 1483 quae
798 1442 857 1473 sibi
874 1443 965 1473 utilia
981 1443 1049 1473 visa
1066 1446 1138 1474 sunt
1154 1454 1211 1485 pro
1229 1443 1413 1485 Symmachi
1429 1454 1576 1485 persona,
1595 1443 1790 1474 constituunt
1810 1442 1814 1483 Ι
1836 1447 1868 1473 et
1885 1443 1929 1473 sic
1944 1442 2057 1474 urbem

561 1495 589 1524 in
616 1504 736 1524 summa
770 1494 954 1525 confusione
989 1494 1221 1536 derelinquunt.
1253 1496 1256 1535 Ι
1285 1495 1387 1526 clerus
1413 1506 1489 1537 ergo
1515 1498 1548 1526 et
1572 1498 1701 1526 senatus
1726 1494 1873 1533 electior,
1905 1494 1958 1536 qui
1982 1505 2056 1525 0011-

562 1546 693 1575 sortium
721 1546 877 1576 vitaverat
902 1545 1095 1587 Symmachi,
1118 1547 1120 1583 Ι
1142 1547 1332 1588 petitionem
1356 1547 1425 1588 regi
1448 1557 1506 1588 pro
1530 1557 1668 1588 persona
1683 1546 1838 1576 Laurenti
1862 1545 1979 1587 dirigit,
2004 1546 2057 1588 qui
2076 1559 2100 1577 21,

559 1608 597 1627 eo
637 1601 782 1638 tempore
813 1597 990 1628 Ravennae
1021 1597 1223 1629 morabatur.
1258 1600 1261 1637 Ι
1294 1598 1478 1639 Symmachi
1514 1598 1700 1629 violentiam
1735 1597 2057 1639 persecutionemque

561 1648 739 1687 declinans.
769 1653 804 1679 ut
827 1649 896 1690 ipse
921 1649 1088 1680 Romanae
1113 1649 1323 1691 praesederet
1349 1651 1520 1687 ecclesiae,
1553 1651 1608 1681 ubi
1638 1649 1757 1681 dudum
1788 1650 1893 1681 fuerat
1916 1660 2057 1681 summus

560 1700 707 1741 pontifex
725 1700 898 1739 ordinatus,
921 1703 924 1739 Ι
947 1702 1021 1742 quia
1043 1701 1105 1733 1100
1130 1705 1161 1732 et
1185 1702 1360 1733 canonibus
1386 1705 1471 1733 esset
1495 1701 1647 1741 adfixum,
1669 1703 1672 1741 Ι
1694 1704 1729 1732 ut
1752 1702 1971 1743 unusquisque
1993 1702 2058 1733 illic

560 1756 760 1792 permaneat.
783 1754 786 1789 Ι
807 1753 860 1783 ubi
887 1754 1032 1795 primitus
1057 1757 1105 1784 est
1130 1758 1334 1785 consecratus
1358 1755 1492 1793 antistis,
1517 1755 1578 1793 vel,
1604 1754 1630 1785 si
1655 1753 1845 1796 quibusdam
1871 1755 2057 1785 commentis

562 1803 677 1833 exinde
697 1808 837 1835 remotus
862 1805 967 1843 fuerit,
992 1816 1063 1836 eum
1081 1805 1184 1836 modis
1209 1806 1355 1837 omnibus
1380 1817 1450 1837 esse
1468 1805 1694 1837 revocandum.
1717 1807 1721 1845 Ι
1741 1806 1785 1837 sic
1802 1805 1993 1837 Laurentius
2017 1806 2058 1837 ad

563 1855 674 1885 urbem
709 1857 839 1886 veniens
870 1867 928 1897 per
958 1867 1058 1887 annos
1089 1858 1214 1888 circiter
1244 1861 1394 1899 quattuor
1423 1858 1603 1888 Romanam
1631 1858 1733 1888 tenuit
1763 1857 1942 1888 ecclesiam.
1969 1858 1972 1897 Ι
1999 1868 2058 1899 per

562 1917 643 1947 quae
669 1911 816 1948 tempora
842 1919 923 1949 quae
948 1909 1035 1939 bella
1060 1909 1164 1940 civilia
1188 1913 1280 1951 gesta
1304 1910 1366 1941 sint
1392 1912 1395 1946 Ι
1423 1910 1474 1940 vel
1498 1913 1617 1951 quanta
1640 1909 1812 1940 homicidia
1836 1909 2054 1951 perpetrata,j

564 1969 626 1988 11011
651 1962 699 1988 est
723 1960 885 1999 praesenti
909 1961 1064 1991 relatione
1088 1961 1304 2002 pandendum.
1326 1964 1328 2001 Ι
1351 1961 1490 2003 dumque
1515 1964 1623 2003 partes
1647 1971 1681 1991 se
1705 1963 1816 1991 mutua
1836 1963 1839 2000 Ι
1861 1960 2056 1991 dissensione

563 2009 715 2040 collidunt
736 2012 739 2050 Ι
761 2021 796 2041 ac
826 2022 882 2052 pro
917 2012 980 2042 suis
1010 2012 1121 2043 studiis
1150 2014 1260 2054 regale
1289 2013 1484 2055 praesidium
1509 2023 1606 2055 saepe
1632 2013 1819 2054 deposcunt,
1845 2011 1885 2043 ad
1907 2012 2054 2043 ultimum

562 2062 748 2102 petitionem
775 2061 983 2103 Symmachus
1018 2065 1087 2105 regi
1117 2075 1174 2106 per
1197 2065 1387 2096 Dioscorum
1412 2065 1668 2096 Alexandrinum
1693 2064 1862 2095 diaconum
1887 2063 2058 2095 destinavit

561 2113 712 2143 adserens
734 2118 737 2149 Ι
758 2125 907 2155 magnum
929 2115 987 2145 sibi
1012 2116 1243 2157 praeiudicium
1267 2117 1334 2148 fieri
1354 2120 1386 2148 et
1402 2117 1542 2148 maxime
1561 2117 1600 2148 de
1619 2116 1718 2147 titulis
1736 2108 1955 2155 ecclesiarum,
1980 2127 2058 2158 quos

562 2165 640 2195 intra
662 2165 773 2195 urbem
794 2165 987 2197 Laurentius
1007 2168 1182 2208 optincbat.
1206 2169 1208 2208 Ι
1230 2169 1268 2199 ad
1290 2169 1373 2200 hanc
1390 2169 1635 2200 insinuationem
1652 2168 1738 2209 regis
1755 2168 1879 2198 animus
1897 2168 2045 2199 delinitus

563 2217 694 2257 patricio
723 2216 845 2259 Nesto]
865 2220 875 2256 ΙΙ
892 2222 1068 2260 praecepta
1093 2219 1202 2261 dirigit
1222 2221 1226 2260 Ι
1247 2220 1432 2260 admonens,
1457 2225 1492 2251 ut
1516 2231 1627 2252 omnes
1652 2220 1808 2252 ecclesiae
1838 2219 1919 2250 tituli
1940 2221 1943 2259 Ι
1965 2219 2058 2261 Sym-

564 2268 676 2298 macho
711 2270 924 2300 reformentur
952 2269 956 2310 Ι
985 2274 1017 2301 et
1048 2281 1144 2301 unum
1174 2271 1298 2303 Romae
1334 2275 1502 2314 pateretur
1531 2283 1601 2303 esse
1636 2272 1830 2314 pontificem.
1858 2273 1862 2310 Ι
1890 2270 1973 2312 quod
2004 2271 2058 2302 ubi

562 2318 754 2350 Laurentius
772 2322 936 2361 comperit,
962 2322 1074 2352 urbem
1093 2323 1193 2353 noluit
1210 2323 1359 2355 diuturna
1376 2325 1611 2355 conluctatione
1630 2324 1741 2355 vexari
1762 2325 1766 2363 Ι
1787 2333 1824 2354 ac
1845 2323 1848 2363 Ι
1869 2333 1926 2354 sua
1943 2326 2056 2364 sponte

562 2371 591 2400 in
617 2371 754 2411 praediis
778 2373 943 2403 memorati
969 2374 1091 2414 patricii
1108 2374 1194 2405 Festi
1218 2378 1220 2413 Ι
1242 2376 1308 2406 sine
1328 2376 1489 2407 delatione
1516 2376 1675 2407 concessit
1695 2377 1698 2415 Ι
1719 2375 1828 2417 ibique
1853 2374 1924 2416 sub*
1936 2375 2057 2415 ingenti

562 2422 752 2453 abstinentia
779 2425 946 2455 terminum
965 2425 1048 2455 vitae
1072 2427 1201 2457 sortitus
1226 2431 1283 2459 est.
1305 2428 1310 2468 Ι
1331 2427 1559 2469 Symmachum
1582 2438 1657 2459 vero
1688 2427 1894 2469 postmodum
1912 2426 2057 2468 quamvis

565 2474 715 2504 victorem
741 2475 779 2505 de
804 2476 910 2506 multis
934 2477 1028 2507 rebus
1053 2478 1138 2507 sama
1155 2478 1352 2510 decoloravit
1373 2481 1376 2519 Ι
1397 2479 1567 2510 obscenior
1591 2482 1623 2510 et
1643 2479 1782 2509 maxime
1806 2478 1846 2509 de
1870 2478 1935 2517 illa,
1960 2488 2054 2519 quam

564 2526 657 2565 vulgo
682 2526 887 2558 conditariam
913 2528 1104 2564 vocitabant,
1127 2531 1130 2567 Ι
1152 2540 1209 2560 nco
1232 2541 1295 2560 non
1319 2534 1351 2561 et
1376 2531 1415 2562 de
1443 2531 1606 2562 ordinibus
1631 2530 1873 2569 ecciesiasticis,
1900 2540 1978 2571 quos
2003 2540 2055 2560 ac-

565 2578 665 2617 ceptis
689 2579 794 2618 palam
819 2580 961 2620 pecuniis
986 2579 1191 2611 distrahebat.
1214 2583 1216 2619 Ι
1239 2592 1294 2622 pro
1321 2583 1434 2624 quibus
1459 2583 1554 2614 rebus
1578 2593 1679 2624 usque
1704 2581 1743 2612 ad
1767 2581 1863 2612 finem
1880 2581 1964 2612 vitae
1989 2581 2057 2612 eius

565 2628 699 2659 ccclesia
729 2629 873 2661 Romana
903 2632 933 2661 in
967 2631 1137 2662 schismate
1168 2633 1362 2674 perduravit.
1411 2634 1461 2665 hie
1491 2635 1578 2665 beati
1609 2634 1737 2665 Martini
1770 2633 1938 2664 ecclesiam
1968 2634 2057 2664 iuxta

2077 1817 2101 1836 30

2077 2076 2100 2094 35

2075 2338 2100 2356 40

2076 2595 2100 2613 45

513 2721 528 2743 ἵ)
553 2723 755 2753 κνῃιιιιιπίφαιγυτ
779 2725 1086 2757 σηπία)1»(“.))Ι,’”;1(’,)Ἰιι(“.));’’111
1112 2727 1321 2759 s>==1nmaei1<2»fg¹l
1345 2728 1416 2757 cocl.;
1443 2729 1551 2753 restituit
1575 2729 1658 2753 Duclz.
1766 2728 1797 2753 ‘21
1829 2729 1939 2753 extiterit
1964 2728 2058 2759 ineeyre

411 2764 488 2787 malac
598 2765 625 2788 1*1
645 2775 658 2788 n
705 2771 780 2791 ewini
794 2778 804 2789 ε
823 2769 901 2792 cudat
1011 2770 1044 2793 33
1067 2770 1220 2794 dissentione
1240 2770 1320 2795 Duch.
1341 2780 1428 2795 errore
1532 2771 1564 2796 37
1590 2775 1648 2795 ante
1673 2772 1704 2796 ad
1724 2771 1834 2803 spatium
1852 2771 1927 2795 unius
1946 2771 2056 2796 litterae:

411 2817 423 2831 a
444 2808 532 2831 tuimet
621 2810 653 2831 53³
674 2811 778 2841 pan-icio
801 2815 805 2834 l
822 2811 833 2823 ⁵
856 2812 933 2836 eodm:
1022 2812 1054 2836 31³
1071 2814 1338 2843 J‘ortasse.-rcr.lx'01na
1419 2813 1451 2838 42
1471 2815 1578 2846 spatium
1592 2815 1668 2838 unius
1687 2814 1785 2839 litterae
1805 2818 1862 2838 ante
1881 2814 2055 2846 symmachum

412 2851 443 2875 44
463 2861 525 2883 quas
545 2853 597 2876 cod.
682 2853 714 2877 45)
733 2858 789 2877 aute
810 2863 853 2886 pro
870 2855 978 2885 spatium
1000 2856 1074 2879 unius
1095 2855 1192 2879 litterae
1275 2856 1307 2880 4⁴5
1327 2857 1479 2882 schismatae
1497 2857 1552 2882 cod.
1602 2861 1660 2882 ante
1679 2857 1721 2881 hic
1739 2857 1848 2889 spatium
1866 2857 1943 2881 unius
1961 2857 2058 2881 litterae
