2245 3213
402 215 450 240 XX
1083 207 1362 235 PROLEGOMENA.

509 301 562 331 ΥΙ4
597 299 743 339 Gregorii
772 299 778 328 Ι
812 298 946 339 epistula
976 296 1016 327 ad
1044 295 1216 335 Eulogium
1245 293 1459 334 patriarcham
1488 291 1741 322 Alexandrinum
1771 291 1815 333 (7,
1833 293 1871 323 37
1890 290 1965 334 [40])
1990 291 2047 322 ad-

404 353 501 383 hibita
528 352 652 382 videtur
676 352 705 381 iu
730 351 791 380 rita
818 349 904 379 Petri
930 358 973 389 tp.
992 346 1068 385 2,st
1116 346 1244 376 Scilicet
1268 345 1487 386 episcopatum
1506 343 1592 374 Petri
1611 343 1859 382 Antioclienum,
1884 354 2047 375 commen-

405 412 469 434 tum
492 412 655 433 auctorum
674 403 822 443 Syrorum
849 402 1060 430 memoratum
1087 398 1221 439 primum
1246 395 1330 437 apud
1348 396 1523 426 Iohannem
1540 394 1804 436 Chrysostomum
1823 398 1855 425 et
1871 395 2045 426 Iohannem

404 456 553 486 Mal-alam
576 454 801 485 antiochenos.
827 452 945 493 primus
963 461 1003 480 cx
1020 449 1202 480 auctoribus
1220 447 1315 478 hodic
1333 448 1415 478 notis
1436 447 1477 477 ad
1495 450 1598 477 certos
1621 457 1720 477 annos
1740 446 1858 488 redigit
1875 447 2050 488 Gregorius

404 508 433 537 iu
457 507 592 548 epistula
618 507 680 536 illa.
707 504 848 535 edoctus.
875 508 908 533 ut
933 502 1067 534 videtur,
1093 512 1111 531 a
1135 499 1316 541 patriarcha.
1340 499 1486 540 Eulogio.
1533 498 1679 540 Epistula
1703 509 1895 540 quamquam
1921 499 2049 541 publice

404 559 519 600 prodiit
545 558 671 588 demum
697 556 830 586 sedente
848 553 1014 585 Hadriano
1035 553 1046 583 l
1073 551 1268 583 Pontificalis
1292 551 1363 581 libri
1387 551 1509 581 auctori
1533 550 1734 581 innotescere
1759 551 1863 592 potuit
1891 561 1931 582 ex
1957 551 2047 581 tabu-

404 611 482 641 lario
508 610 665 641 ecclcsiae
690 608 867 639 Romanae.

506 662 579 692 ΥΠ.
618 661 791 701 Martyrum
818 659 980 700 passiones
1005 657 1045 687 ad
1072 657 1150 687 liacc
1179 659 1270 695 gesta
1299 664 1449 694 magnam
1478 663 1583 684 rerum
1613 654 1738 694 copiam
1763 654 1813 684 vel
1843 657 1930 685 certe
1958 655 2049 685 fabu-

405 715 505 744 larum
531 712 753 753 suppcditasse
779 712 845 741 iure
871 717 1033 751 expectes,
1059 718 1128 738 cum
1148 706 1336 748 praesertim
1358 708 1468 735 auctor
1486 705 1621 745 vestigia
1645 714 1782 745 sequens
1799 704 1970 737 Constituti
1989 707 2051 737 Sil-

404 765 554 795 vcstriani
572 764 688 795 scribat
706 763 746 793 ab
766 763 916 803 episcopo
941 760 1107 791 Clemente
1132 769 1189 800 per
1212 761 1335 799 septem
1361 756 1510 797 regiones
1535 756 1675 796 singulos
1699 757 1840 787 notarios
1864 758 2052 789 constitutos

406 828 475 847 csse
501 816 541 847 ad
565 823 654 857 gesta
681 820 854 856 martyrum
882 823 940 855 per
971 822 1059 842 suam
1085 811 1237 851 cuiusque
1263 810 1428 850 regionem
1453 807 1588 838 sollicite
1612 807 1794 849 colligenda
1817 809 2051 851 laudenturque

405 870 546 910 episcopi
565 869 704 899 Anteros
722 877 766 908 (p.
782 869 831 897 26.
845 865 871 902 r)
896 869 927 895 et
945 864 1106 895 Fabianus
1131 866 1174 903 (p.
1189 863 1238 898 27,
1252 860 1277 902 s)
1304 864 1435 902 propter
1456 859 1656 901 diligentiam
1679 860 1711 890 in
1735 870 1774 890 ea
1796 870 1831 890 re
1855 861 2052 902 praestitam.

405 921 550 951 Accedit.
581 919 665 961 quod
691 920 913 960 cpiscoporum
939 916 1024 946 urbis
1048 914 1201 955 martyria
1229 913 1298 954 ipsa
1322 911 1480 953 praefatio
1505 914 1664 942 memorat
1688 914 1720 942 et
1744 921 1785 942 ex
1809 911 1968 954 episcopis
1990 924 2053 943 uno

406 978 438 1002 et
462 973 589 1011 triginta
615 971 722 1012 primis
745 969 786 1000 ad
808 969 992 1009 martyrium
1011 966 1196 1008 pervenisse
1218 964 1365 994 dicuntur
1382 966 1445 993 tres
1467 966 1499 993 et
1516 963 1628 1004 viginti
1653 962 1783 1004 (I-IV.
1801 963 1952 995 VI—IX.
1977 964 2053 996 XII.

405 1023 477 1054 XV.
503 1023 610 1053 xvii.
632 1021 867 1053 xlx—XXV.
892 1016 1214 1056 XXVII—XXXI),
1247 1026 1288 1046 cx
1317 1015 1431 1056 quibus
1454 1015 1567 1056 viginti
1595 1025 1667 1045 eum
1693 1014 1845 1046 honorem
1869 1016 1932 1046 iam
1957 1016 2054 1047 editio

407 1076 492 1116 prior
522 1075 645 1111 tribuit,
678 1074 740 1104 duo
770 1073 924 1104 Anicetus
955 1070 1049 1112 (XII)
1080 1073 1111 1100 et
1140 1068 1359 1109 Eutychianus
1388 1066 1566 1109 (XXVIII)
1596 1067 1627 1097 in
1658 1066 1798 1098 editione
1829 1067 1969 1099 secunda
2001 1079 2053 1099 ac-

407 1132 583 1162 cesserunt,
619 1127 745 1157 tertium
771 1125 886 1156 Gaium
917 1122 1061 1164 (XXIX)
1092 1121 1178 1162 prior
1207 1119 1303 1150 editio
1333 1119 1550 1150 confessorem
1578 1119 1669 1157 facit,
1702 1118 1842 1150 secunda
1870 1123 2054 1161 martyrem.

407 1179 471 1210 Scd
496 1180 597 1209 iustae
622 1177 838 1219 expectationi
863 1175 1061 1206 narrationes
1086 1183 1198 1214 parum
1228 1170 1433 1212 respondent.
1480 1170 1592 1211 Longe
1624 1171 1794 1212 plerosque
1826 1181 1866 1202 ex
1896 1171 2055 1213 episcopis

407 1231 598 1271 martyribus
632 1233 743 1260 auctor
767 1228 865 1258 verbo
897 1224 1117 1257 tantummodo
1150 1225 1193 1254 ait
1217 1223 1367 1264 martyrio
1393 1225 1562 1253 coronatos
1587 1232 1672 1261 esse,
1697 1232 1756 1253 nec
1780 1223 1913 1254 multum
1938 1223 2056 1262 differt,

408 1283 491 1324 quod
518 1284 546 1313 in
566 1281 751 1312 Alexandro
777 1279 870 1315 (VH)
897 1278 1057 1320 quaedam
1082 1276 1171 1307 addit
1195 1286 1235 1306 ex
1260 1274 1489 1315 martyrologio
1513 1273 1766 1316 Hieronymiano
1791 1285 1899 1306 errore
1923 1274 1964 1305 ad
1989 1275 2055 1316 epi-

407 1345 539 1376 scopum
557 1335 657 1364 relata
675 1338 705 1363 et
725 1333 754 1363 iu
771 1332 870 1362 Lucio
889 1329 1032 1371 (XXIII)
1052 1332 1083 1359 et
1100 1328 1264 1369 Stephano
1283 1326 1426 1367 (XXIV)
1445 1326 1484 1357 de
1502 1327 1702 1357 successione
1721 1330 1838 1358 monet.
1864 1345 1904 1348 -—
1928 1326 2056 1357 Passio-

407 1397 463 1417 nes
489 1396 570 1427 quae
596 1385 656 1416 diei
681 1385 803 1426 possint
826 1394 888 1413 non
913 1382 1060 1413 adhibuit
1083 1381 1143 1411 nisi
1169 1379 1328 1411 Caeciliae
1358 1379 1389 1408 in
1412 1378 1543 1409 Urbano
1570 1378 1721 1419 (XVIII),
1753 1377 1894 1409 Cornelii
1918 1378 2057 1420 (XXII),

408 1438 501 1479 Xpsti
526 1438 557 1468 II
590 1448 660 1467 cum
689 1436 864 1467 Laurentio
896 1435 1030 1466 diacono
1055 1432 1192 1474 (XXV),
1226 1431 1372 1462 silvestri
1396 1429 1605 1471 (XXXIHI),
1637 1430 1753 1461 Felicis
1777 1429 1810 1460 ΙΙ
1835 1429 2057 1471 (XXXVIII),

407 1490 483 1520 item
519 1490 550 1519 iu
585 1488 725 1519 editione
762 1487 890 1518 demum
926 1484 1067 1516 secunda
1101 1484 1267 1514 Susannae
1302 1483 1333 1512 in
1369 1482 1451 1512 Gaio
1485 1481 1630 1523 (XXIX)
1668 1486 1700 1512 et
1729 1481 1873 1512 Marcelli
1903 1481 2058 1522 (XXXI).

409 1541 541 1571 Accedit
567 1541 596 1571 in
628 1541 690 1570 vita
723 1539 855 1570 Eusebii
880 1537 1039 1578 (XXXII)
1065 1536 1203 1566 narratio
1237 1534 1346 1565 similis
1375 1533 1415 1564 dc
1439 1534 1569 1564 inventa
1601 1537 1711 1564 sancta
1741 1544 1833 1564 cruce
1858 1537 1891 1564 et
1915 1533 1954 1564 de
1979 1533 2059 1564 Iuda

409 1592 553 1633 Cyriaeo.
601 1591 786 1622 Marcellino
813 1589 953 1627 (XXX),
987 1588 1117 1619 Liberio
1149 1585 1353 1629 (XXXVII),
1389 1585 1493 1626 Xysto
1517 1585 1567 1615 III
1596 1584 1733 1625 (XLVI)
1766 1585 1797 1615 in
1831 1585 1891 1616 hoc
1926 1595 2058 1616 recensu

409 1645 512 1675 locum
545 1655 606 1673 uon
640 1643 800 1678 dedimus,
837 1641 987 1683 quoniam
1025 1644 1150 1681 partem
1187 1638 1308 1669 faciunt
1344 1636 1502 1668 fraudium
1536 1636 1862 1677 Symmachianarum.
1914 1636 2061 1678 Excepta

408 1696 589 1726 narratione
621 1695 660 1725 de
690 1697 799 1725 sancta
829 1704 938 1728 eruce,
968 1693 1055 1723 cuius
1084 1691 1185 1722 forma
1210 1690 1342 1731 pristina
1365 1688 1406 1719 ad
1436 1698 1494 1719 nos
1523 1688 1687 1729 pervenit,
1717 1688 1859 1729 reliquae
1889 1689 1977 1730 ipsae
2006 1691 2061 1718 aut

409 1754 496 1777 totae
522 1748 694 1788 perierunt,
718 1750 752 1776 ut
768 1745 863 1787 xysti
879 1745 921 1783 ΙΙ,
945 1744 1062 1774 Felicis
1078 1743 1121 1782 H,
1146 1742 1301 1781 Marcelli,
1326 1749 1518 1782 suppressae
1536 1740 1670 1770 fortasse
1695 1739 1874 1770 substitutis
1898 1739 2061 1781 excerptis

410 1799 586 1840 desumptis
620 1810 660 1829 ex
693 1799 762 1839 ipso
798 1797 878 1827 libro
910 1795 1091 1827 Pontificali
1123 1793 1322 1825 auctoritatis
1358 1793 1479 1823 scilicet
1510 1792 1654 1830 maioris,
1691 1794 1746 1822 aut
1779 1794 1890 1822 extant
1921 1791 2061 1832 quidem,
2092 1791 2095 1795 '

410 1851 466 1881 sed
491 1852 590 1881 forma
622 1854 676 1880 aut
706 1854 792 1880 certo
825 1848 966 1879 indidem
997 1847 1190 1888 interpolata
1219 1849 1274 1876 aut
1307 1847 1394 1875 certe
1429 1844 1469 1874 ab
1497 1843 1753 1884 interpolationis
1783 1843 1962 1884 suspicione
1997 1853 2061 1873 non

411 1904 529 1935 aliena.
561 1902 592 1932 id
624 1902 708 1943 quod
737 1901 821 1932 eadit
851 1901 881 1931 in
912 1904 984 1930 acta
1009 1899 1184 1937 Caeciliae,
1214 1897 1368 1935 Cornelii,
1401 1896 1581 1935 Susannae,
1615 1894 1810 1935 Silvestri¹);
1842 1904 1947 1936 neque
1978 1895 2061 1925 enim

411 1954 495 1995 quod
531 1955 628 1985 seiam
665 1954 847 1995 passionum
882 1952 1007 1982 illarum
1042 1951 1114 1981 libri
1149 1950 1257 1991 scripti
1293 1951 1405 1979 extant
1440 1947 1481 1978 ad
1516 1947 1710 1978 Pontificalis
1749 1949 1890 1976 aetatem
1925 1945 2060 1977 adscen-

411 2006 525 2036 dentes
560 2016 664 2047 ncque
700 2006 743 2035 ita
779 2007 986 2045 comparatae
1022 2006 1094 2033 sunt
1130 2002 1251 2032 formae
1291 2001 1455 2041 vulgatae,
1492 2002 1527 2029 ut
1561 1999 1649 2040 ipsae
1685 2008 1756 2028 sese
1791 1998 1868 2028 satis
1903 2001 2060 2029 tueantur.

412 2058 563 2099 Exempli
593 2068 689 2087 causa
713 2056 868 2097 passionis
892 2059 1021 2086 sanctae
1048 2054 1208 2085 Caeciliae
1237 2053 1396 2091 recensio,
1427 2061 1521 2093 quam
1547 2051 1565 2082 l.
1584 2061 1609 2081 c.
1635 2052 1680 2091 (p.
1700 2050 1751 2089 22)
1776 2049 1926 2090 adlegavi
1949 2053 2061 2091 utpote

412 2109 514 2139 iudice
542 2109 655 2139 Rossio
689 2109 827 2138 onmium
853 2107 1017 2149 optimam,
1050 2108 1082 2136 et
1106 2106 1169 2135 alia
1192 2115 1269 2146 prae
1294 2114 1328 2135 se
1353 2104 1415 2134 fert
1437 2102 1554 2134 indicia
1578 2102 1707 2142 originis
1736 2092 1921 2131 recentioris
1956 2104 1988 2132 et
2022 2100 2063 2131 ad

414 2172 483 2191 eam
509 2160 709 2191 formandam
734 2159 868 2189 adhibiti
893 2162 964 2189 sunt
988 2157 1204 2188 Tertullianus
1230 2159 1261 2187 et
1285 2155 1494 2196 Augustinus.
1539 2154 1614 2195 Ipsa
1637 2153 1787 2189 narratio,
1818 2152 1857 2182 de
1883 2163 1944 2193 qua
1969 2152 2061 2183 docte

413 2213 562 2253 exposuit
585 2212 687 2242 Erbes
713 2210 913 2251 (Zr‘itseltriff
938 2211 999 2250 fiir
1022 2208 1333 2247 Isirdwuycsclticlelc
1357 2208 1418 2238 vol.
1436 2210 1454 2236 ⁴.)
1480 2217 1507 2237 a.
1532 2207 1608 2237 1888
1633 2215 1663 2246 p.
1688 2206 1800 2236 1—662
1833 2204 1871 2235 cf.
1893 2203 2062 2234 Ncumann

414 2266 506 2293 Slwd
539 2264 606 2293 und
630 2263 748 2293 Iso-em
779 2265 801 2301 1,
820 2265 912 2300 231⁰),
944 2272 1006 2291 non
1036 2260 1162 2291 videtur
1192 2260 1322 2300 originis
1351 2269 1421 2289 esse
1451 2257 1544 2290 valde
1573 2259 1731 2288 remotae:
1765 2256 1903 2286 ecclesia
1933 2258 2061 2286 sanctae

414 2316 574 2346 Caeciliae
604 2315 784 2345 nominatur
813 2314 948 2355 primum
977 2324 1005 2344 a.
1024 2315 1084 2343 *199
1119 2316 1159 2346 (v.
1186 2311 1322 2342 indicem
1351 2310 1391 2341 ad
1422 2309 1648 2341 Cassiodorum
1673 2319 1703 2349 p.
1721 2308 1798 2347 408)
1824 2310 1856 2338 et
1879 2307 2061 2348 passionem

415 2368 480 2397 cius
515 2367 616 2397 Erbes
650 2366 764 2396 iudicat
805 2365 1021 2406 exemplatam
1057 2364 1097 2394 ad
1130 2364 1266 2394 similem
1295 2363 1481 2394 Africanam
1510 2361 1568 2392 sub
1601 2359 1781 2391 nominibus
1810 2358 1994 2390 Martiniani
2030 2361 2062 2389 et

416 2419 576 2448 Maximae
602 2418 735 2448 relatam
763 2416 848 2458 apud
870 2416 1034 2447 Victorem
1057 2416 1224 2446 Yitensem
1250 2415 1280 2445 in
1305 2414 1541 2445 commentariis
1565 2412 1605 2443 de
1630 2411 1853 2453 persecutione
1871 2409 2063 2440 Wandalica

415 2474 457 2500 ll.
484 2473 526 2500 ΙΝ.
546 2473 599 2504 250>
624 2469 749 2509 scriptis
773 2480 800 2498 a.
821 2471 891 2499 iso.
932 2467 1128 2497 Poutificalis
1151 2471 1258 2497 autem
1282 2467 1416 2507 scriptor
1433 2475 1514 2507 quae
1532 2464 1605 2495 inde
1630 2463 1724 2494 affert
1747 2462 1948 2493 continentur
1972 2461 2063 2492 nudis

417 2522 593 2551 nominibusv
620 2521 780 2551 vau—ciliae
807 2525 837 2549 et
859 2520 1019 2550 Valeriani
1050 2519 1155 2560 sponsi
1190 2519 1257 2549 eius
1282 2524 1313 2547 ct
1337 2517 1473 2548 'l'iliurtii
1497 2516 1653 2547 adiunctis
1677 2515 1783 2555 aliquo
1808 2514 1903 2544 modo
1929 2513 1969 2544 ad
1994 2513 2062 2554 epi-

522 2624 540 2655 ¹)
563 2625 687 2647 fabulosa
709 2625 760 2648 rita
781 2625 904 2653 silvestri,
925 2624 990 2648 uude
1011 2623 1180 2655 proficiscitur
1200 2623 1359 2647 Constantini
1380 2623 1452 2654 primi
1472 2621 1600 2653 baptisma
1618 2621 1760 2643 Romanum
1780 2626 1824 2650 per
1842 2618 1986 2649 episcopum
2006 2624 2064 2640 cum

417 2673 517 2697 tutaque
538 2668 681 2698 mythorum
708 2676 818 2699 propag-r
839 2669 895 2691 inde
916 2667 1029 2693 oriunda,
1055 2667 1163 2690 conficta
1182 2671 1219 2689 cst
1238 2666 1263 2689 iu
1283 2666 1355 2697 Syria
1379 2674 1444 2689 saec.
1461 2666 1481 2689 V
1505 2664 1626 2695 novitque
1645 2670 1700 2687 eam
1721 2662 1771 2685 iam
1790 2661 1875 2684 Moses
1894 2659 2064 2684 Cliorcneusis

416 2709 585 2739 ‘4.'·‘.·—l*⁴l):
611 2711 695 2733 voda-m
721 2716 806 2734 autem
827 2711 929 2734 saeculo
953 2711 976 2733 iu
999 2710 1117 2733 Latinum
1138 2709 1261 2732 translata
1291 2713 1327 2732 ost
1353 2712 1375 2731 ct
1397 2708 1488 2739 passim
1508 2707 1620 2731 lectitata
1638 2709 1701 2729 teste
1721 2703 1804 2728 iudice
1823 2703 1917 2727 Gelasii
1938 2703 1946 2726 Ι
1967 2700 2063 2733 (49⁴2—

421 2752 475 2775 ῙἍΓιι
497 2753 615 2775 libroruin
641 2753 840 2784 rvi-ipicwl·urum
868 2758 911 2777 :lut
933 2762 981 2776 nou
1004 2753 1213 2784 recipiendorum.
1253 2751 1362 2775 Eandem
1388 2751 1509 2782 :ullegant
1531 2753 1603 2781 gesta
1622 2747 1716 2772 Liberii
1735 2746 1771 2777 (v.
1790 2755 1814 2778 p.
1829 2744 1860 2769 ’Π
1880 2743 1949 2775 adn.)
1968 2745 2064 2776 scripta

415 2800 496 2817 :trime
517 2796 720 2825 Syininarliiann.
767 2797 819 2819 l'ita
845 2806 872 2819 va
896 2805 962 2827 quac
989 2796 1166 2819 viri-unisonan-
1191 2795 1280 2818 Latiuc
1303 2795 1397 2825 scripta
1425 2801 1582 2824 quamquam
1607 2793 1743 2815 retractata
1769 2793 1806 2813 est
1830 2790 1865 2820 (v.
1885 2788 1916 2812 ad
1937 2787 2029 2820 pss),
2049 2796 2065 2812 a

418 2845 495 2861 torma
515 2848 541 2861 ca
562 2847 637 2869 qutun
659 2839 812 2862 Ponant-ali*
832 2839 946 2862 :ulliiluiit
969 2847 1017 2862 uon
1040 2838 1146 2861 multum
1168 2837 1268 2860 videtur
1288 2837 1411 2860 recedere.
