2245 3213
851 209 1135 236 PROLEGOMENA.
1732 208 1815 233 CXIX

175 296 333 328 eiusmodi
367 296 576 326 mutationum
606 296 741 336 vestigia
771 297 801 326 in
829 296 916 326 libris
948 296 1061 326 nostris
1095 295 1390 337 deprehendantur.
1438 295 1583 336 Exempli
1609 295 1711 335 gratia
1736 295 1819 324 vitae

173 349 324 379 Iohannis
348 348 363 378 Ι
387 350 545 378 commate
577 348 677 388 primo
703 350 831 383 (13:3,1)
861 359 942 389 quae
974 348 1089 378 absunt
1121 347 1161 378 ab
1187 348 1335 388 epitomis
1360 347 1483 377 duabus
1508 346 1606 376 verba
1629 346 1693 384 fni(
1717 348 1820 375 malma

172 404 204 431 et
227 400 414 440 &vaporibus
440 399 624 429 Theodorici
647 402 674 429 et
698 399 818 429 Instini
834 400 986 438 Amasti,
1011 400 1116 440 priora
1140 400 1235 429 etiam
1261 410 1279 429 a
1303 398 1539 435 contaminatis,
1573 398 1699 428 adiecta
1732 396 1819 426 vid-*-

173 453 249 483 licet
272 451 420 482 videntur
437 451 532 481 fuisse
551 461 569 480 a
586 450 787 481 diasceuasta
804 450 844 481 ad
860 452 1037 491 marginem
1062 451 1227 492 archetypi
1252 451 1445 481 recensionis
1470 449 1644 483 secuudae;
1670 449 1713 479 ita
1736 448 1818 478 cuim

175 503 423 544 explicationem
448 502 556 540 habet,
581 502 665 543 quod
690 503 795 543 priora
820 502 934 533 dcsunt
957 503 1032 532 item
1057 503 1087 532 iu
1112 503 1220 533 classis
1242 502 1401 533 secundae
1427 501 1604 542 exemplari
1624 501 1743 541 optimo
1766 500 1820 537 15⁴,

172 555 362 585 vocabulum
387 558 494 584 autem
512 554 699 595 temporibus
722 554 753 584 in
777 554 891 584 codem
914 554 995 585 libro
1013 554 1145 595 aliisque
1171 554 1278 584 classis
1303 553 1447 584 eiusdem
1472 553 1588 593 legitur
1610 553 1680 582 loco
1706 552 1819 582 alieno.

172 607 330 637 Recens-io
348 606 434 647 prior
451 605 476 635 si
497 608 583 636 recte
601 608 677 635 nota
695 609 789 639 esset,
808 606 939 636 ulterius
963 605 994 636 id
1013 606 1162 646 persequi
1181 606 1310 636 liceret:
1334 606 1397 635 111111
1415 604 1570 636 eiusmodi
1588 603 1819 634 observationi—

173 659 231 690 bus
256 659 372 689 iustum
396 657 638 688 fundamentum
662 657 763 688 deest.

547 819 749 851 CODICVM
774 819 962 850 CLASSES
987 819 1128 850 PRIMA
1153 819 1208 849 ET
1233 819 1452 850 SECVNDA.

277 891 328 922 Ab
357 891 418 921 hoc
447 890 641 920 recensionis
669 889 855 930 posterioris
888 888 1063 929 archetypo
1096 888 1158 918 duo
1189 888 1388 929 exemplaria
1421 890 1548 928 sumpta
1577 890 1663 925 sunt,
1689 898 1820 928 quorum

174 944 309 974 alterum
333 943 500 983 generavit
524 941 650 972 codices
675 941 782 971 classis
806 941 946 981 primae,
972 940 1131 970 secundae
1157 939 1284 971 codices
1309 940 1457 970 alterum.
1505 939 1649 969 Duorum
1678 939 1821 969 ordinum

177 995 353 1036 separatio,
383 994 503 1025 scilicet
533 993 558 1023 si
589 993 752 1034 sequimur
775 991 902 1022 codices
926 992 1090 1033 utriusque
1116 992 1244 1032 generis
1279 992 1429 1022 meliores
1458 991 1584 1021 reiectis
1612 990 1822 1020 deterioribus

176 1046 294 1087 passim
319 1056 360 1076 ex
384 1046 485 1076 altero
517 1044 628 1075 ordine
653 1044 891 1082 contaminatis,
917 1046 1004 1074 certa
1036 1046 1084 1073 031
1108 1043 1210 1073 ubivis
1235 1046 1267 1073 et
1290 1046 1466 1084 perpetua,
1497 1041 1529 1072 id
1554 1046 1601 1072 est
1626 1042 1819 1077 continuata,

171 1098 204 1128 ni
228 1098 330 1136 fallor,
354 1097 396 1128 ad
421 1097 609 1138 episcopum
632 1096 812 1133 Cononem,
836 1096 868 1126 in
893 1105 954 1136 quo
979 1105 1075 1136 supra
1099 1094 1254 1135 (1).XIV)
1280 1094 1417 1124 vidimus
1442 1094 1579 1124 finivisse
1606 1094 1816 1134 exemplaria,

175 1160 307 1191 quorum
338 1148 433 1179 hodie
463 1149 575 1179 notitia
609 1151 714 1186 extat,
747 1148 966 1188 antiquissima
990 1157 1146 1188 quaeque.
1195 1146 1291 1177 Certe
1325 1156 1519 1187 quamquain
1548 1145 1616 1176 fieri
1640 1148 1760 1186 potest,
1786 1148 1819 1175 ut

176 1201 323 1232 classium
356 1200 488 1231 duarum
517 1200 727 1241 archetypum
759 1209 925 1229 commune
957 1198 1121 1229 Cononem
1152 1209 1215 1229 non
1249 1198 1405 1239 attigerit,
1435 1208 1497 1227 non
1525 1198 1623 1227 multo
1649 1200 1721 1227 aute
1747 1207 1818 1226 cum

175 1253 332 1291 subsistit,
358 1255 390 1283 et
414 1262 607 1294 quamquam
640 1251 671 1281 111
696 1251 767 1281 vitis
792 1251 906 1281 aetatis
930 1251 1115 1292 posterioris
1138 1250 1210 1281 libri
1234 1260 1344 1280 omues
1373 1250 1439 1279 ferc
1471 1248 1665 1279 concordant
1689 1252 1721 1278 et
1745 1258 1818 1288 gra—

175 1305 315 1335 vioribus
340 1304 561 1345 discrepantiis
586 1303 806 1334 deficientibus
831 1303 979 1333 classium
997 1302 1166 1333 diversitas
1191 1301 1387 1339 obscuratur,
1413 1312 1452 1331 011
1475 1304 1548 1331 111110
1569 1300 1733 1330 Cononem
1758 1310 1820 1329 11011

182 1357 312 1396 tollitur,
336 1359 371 1387 ut
395 1355 567 1387 ostendunt
590 1355 672 1386 inter
696 1355 774 1385 alios
798 1354 860 1385 loci
883 1354 929 1384 hi:

183 1427 250 1465 170,
268 1438 278 1456 4
302 1426 352 1456 hic
377 1425 541 1456 inuestiuit
564 1425 669 1466 regias
694 1424 724 1454 111
748 1424 893 1465 ingressu
918 1434 969 1454 cc·
1024 1423 1189 1453 iuuestiuit
1207 1422 1316 1463 regias
1338 1422 1368 1451 in
1385 1422 1530 1462 ingressu
1549 1421 1703 1451 0001031110
1722 1421 1822 1450 1111110-

282 1477 400 1508 clesiae
426 1477 493 1507 eius
518 1476 687 1516 (ecclesiae
705 1476 792 1507 beati
808 1476 890 1517 petri
908 1475 971 1516 112)
1091 1475 1132 1504 ris
1163 1473 1251 1515 (libri
1284 1473 1355 1503 boni
1380 1473 1529 1513 maiores)
1563 1473 1615 1514 qui
1646 1473 1825 1514 appellatur

283 1540 361 1570 quas
386 1532 503 1560 uocant
526 1527 677 1559 mediana
701 1528 722 1558 I
1092 1525 1243 1556 mediana
1268 1525 1311 1555 II

185 1582 251 1619 186,
269 1594 279 1611 f·
304 1591 362 1622 per
386 1580 518 1611 eosdem
542 1580 639 1610 missa
662 1579 684 1610 Ι
1028 1588 1085 1619 per
1110 1577 1243 1608 eosdem
1269 1577 1383 1607 missos
1408 1576 1450 1607 II

179 1649 244 1680 Sed
269 1649 308 1679 ad
333 1649 413 1679 vitas
437 1649 575 1690 quinque
600 1648 692 1678 huius
717 1647 863 1678 editionis
888 1649 1065 1688 postremas
1091 1646 1195 1686 Sergii
1220 1645 1234 1675 I
1260 1645 1453 1675 lohauuium
1480 1644 1526 1674 VI
1552 1647 1584 1675 et
1608 1644 1671 1674 VII
1698 1644 1824 1674 Sisinnii

179 1701 394 1739 Constantini,
426 1711 503 1742 quas
535 1710 630 1741 supra
654 1710 683 1740 p.
701 1699 791 1729 XCV
827 1699 964 1729 diximus
1000 1702 1071 1739 post
1106 1697 1308 1728 intervallum
1345 1696 1468 1737 corpori
1504 1696 1718 1737 supplementi
1754 1695 1823 1725 loco

180 1753 364 1792 accessisse,
389 1753 535 1783 classium
559 1752 654 1782 trium
679 1751 915 1792 separationem
938 1761 1001 1781 non
1026 1750 1193 1791 pervenire
1217 1749 1299 1779 infra
1322 1754 1365 1790 (p.
1385 1747 1573 1788 CXXXIV)
1598 1747 1802 1778 ostendimus.

283 1813 443 1854 Sequitur,
468 1816 502 1843 ut
525 1812 580 1843 ubi
605 1811 748 1842 eiusdem
776 1812 884 1842 classis
908 1811 980 1841 libri
1004 1810 1203 1847 dissentiunt,
1228 1810 1347 1840 scilieet
1371 1808 1530 1839 secundae
1556 1813 1642 1843 (nam
1667 1808 1696 1838 111
1722 1808 1823 1848 prima

179 1865 332 1895 Lucensis
356 1876 419 1895 non
443 1868 507 1895 tam
532 1864 699 1906 primarius
724 1867 773 1894 est
797 1874 892 1904 quam
916 1863 1051 1903 unicus),
1086 1863 1106 1892 ii
1140 1862 1207 1892 fere
1242 1861 1407 1902 archetypi
1442 1860 1613 1890 lectionem
1650 1859 1824 1889 exhibeant

180 1927 311 1947 necesse
335 1917 384 1955 sit,
409 1917 462 1957 qui
486 1916 687 1946 consentiunt
711 1926 781 1946 cum
806 1916 906 1946 classe
931 1915 1034 1956 prima
1058 1924 1194 1954 eamque
1218 1914 1336 1954 legem,
1362 1912 1415 1942 ubi
1436 1911 1566 1942 codices
1584 1911 1692 1941 classis
1710 1921 1821 1941 sccun-

181 1968 241 1999 dae
266 1969 449 2009 singillatim
474 1968 735 2006 examinavimus,
760 1967 898 1997 vidimus
922 1967 1025 1997 ubivis
1050 1976 1145 2007 posse
1170 1965 1304 1996 admitti.

285 2029 382 2059 Crisis
410 2029 507 2069 igitur
538 2028 678 2070 corporis
703 2028 837 2058 vitarum
869 2027 1070 2068 potissimum
1098 2026 1277 2056 continetur
1300 2025 1387 2055 libris
1412 2023 1546 2054 duorum
1576 2022 1719 2054 ordinum
1745 2022 1826 2052 iutra

181 2092 214 2111 se
241 2080 462 2122 comparandis
488 2083 519 2111 et
543 2080 597 2110 ubi
621 2079 786 2117 differunt,
812 2079 961 2120 eligenda
994 2079 1132 2108 lectione
1157 2077 1385 2119 probabiliore.
1433 2075 1554 2105 Neutro
1581 2074 1690 2104 ordine
1716 2084 1824 2104 carcre

181 2144 238 2163 uos
262 2143 355 2174 posse
381 2143 451 2163 culn
477 2131 643 2162 evidenter
667 2134 839 2172 appareat,
872 2134 907 2161 ut
931 2130 971 2161 de
996 2131 1159 2171 utriusque
1184 2129 1291 2160 indole
1321 2131 1408 2158 recte
1433 2127 1605 2158 iudicetur.
1631 2126 1824 2156 subiecimus

180 2185 343 2226 specimen
366 2184 513 2214 vitiorum
537 2183 646 2214 classis
669 2184 832 2224 utriusque
856 2184 899 2213 ita
922 2183 1109 2219 institutum,
1134 2185 1168 2211 ut
1191 2181 1320 2211 lectioni
1345 2190 1439 2210 verae
1464 2178 1673 2218 subiungatur
1696 2177 1822 2208 vitiosa.

182 2237 300 2268 Classis
330 2236 432 2277 prima
457 2234 501 2275 (1)
531 2235 562 2264 in
595 2234 655 2265 hoe
685 2234 819 2265 elencho
852 2234 1048 2274 intellegitur
1078 2233 1276 2274 potissimum
1310 2231 1413 2261 codex
1447 2230 1598 2261 Lucensis
1623 2229 1710 2269 (Αἱ),
1735 2229 1824 2258 iuxta

184 2299 277 2330 quein
302 2287 415 2328 reliqui
440 2286 582 2317 eiusdem
601 2285 718 2316 ordinis
742 2286 796 2316 vix
820 2286 851 2316 in
875 2296 1005 2316 censum
1024 2285 1169 2316 veniunt:
1194 2283 1354 2314 secundae
1373 2282 1481 2313 classis
1499 2282 1558 2322 (qu)
1577 2281 1673 2311 libros
1698 2279 1822 2320 potissi-

184 2351 270 2371 mum
295 2339 481 2380 respicimus
502 2337 606 2375 C3R4,
637 2338 830 2378 reliquorum
860 2337 1020 2368 erroribus
1052 2336 1226 2367 minoribus
1259 2336 1288 2365 in
1313 2334 1468 2365 laterculo
1501 2334 1560 2363 hoc
1585 2331 1824 2373 praetermissis.

184 2392 419 2432 Adscripsimus
449 2390 525 2420 item
557 2392 686 2430 praeter
716 2389 897 2419 testimonia
922 2389 1134 2430 epitomarum
1165 2387 1359 2418 recensionis
1390 2386 1501 2427 prioris
1526 2385 1693 2414 lectionem
1719 2382 1827 2412 classis

184 2445 297 2475 tertiae
323 2442 401 2483 (ΙΙΙ)
433 2441 737 2479 contaminatorum,
773 2440 812 2470 de
848 2451 911 2481 qua
944 2451 1014 2471 00111
1043 2444 1160 2481 postea
1190 2438 1350 2480 agendum
1380 2438 1435 2475 sit,
1467 2437 1544 2467 utile
1569 2436 1669 2465 visum
1695 2438 1742 2464 est
1765 2434 1826 2463 iam

183 2497 243 2526 hoc
273 2496 343 2526 loco
375 2493 533 2527 indicare,
570 2503 644 2522 num
676 2492 716 2522 ad
745 2492 879 2522 alteram
912 2495 1016 2522 utram
1051 2492 1186 2522 classem
1211 2490 1344 2521 accedat
1368 2500 1407 2519 au
1432 2489 1471 2518 ab
1497 2491 1632 2527 utraque
1658 2485 1825 2526 discrepet.

188 2548 233 2579 (⁷¹³
257 2548 288 2578 in
311 2547 372 2577 hoc
399 2544 532 2576 elencho
557 2543 598 2574 ad
622 2544 755 2574 classem
782 2543 813 2573 II
838 2544 990 2575 refertur:
1015 2554 1086 2573 cum
1112 2542 1337 2573 contaminatis
1362 2541 1415 2572 ubi
1440 2540 1530 2578 facit,
1554 2538 1586 2568 id
1610 2537 1826 2568 indicavimus.

823 2663 908 2693 Vitia
931 2662 1042 2693 elassis
1058 2662 1195 2701 Jm'mae.

390 2737 411 2769 l,
432 2748 438 2764 1
465 2730 668 2773 deprecatur]
694 2731 860 2762 dedicatur
883 2731 901 2761 I

391 2789 443 2823 1,11
467 2782 561 2826 papa]
587 2787 677 2825 pater
701 2784 721 2814 Ι

392 2839 416 2874 1,
435 2850 458 2869 14
483 2835 658 2867 direximus
682 2846 737 2866 om.
763 2835 785 2865 I
