2245 3213
440 189 513 215 LXll
1127 188 1410 216 PROLEGOMENA.

439 276 526 307 tandi
550 276 640 317 leges
664 277 828 308 vacillant:
859 277 1005 307 sollemni
1028 287 1087 307 usu
1111 286 1182 307 cum
1206 279 1353 317 tempora
1382 278 1590 306 numerentur
1617 286 1675 318 per
1701 286 1801 307 annos
1832 279 1864 307 et
1886 286 2030 317 1110118011,
2053 280 2089 308 111

439 328 514 358 fiant
545 339 562 358 a
584 328 657 358 Mai.
683 331 715 359 15
739 328 779 359 ad
804 328 862 359 Iul.
881 331 897 358 4
923 338 963 359 111.
988 330 996 358 1
1018 327 1107 369 (Mai.
1130 330 1164 358 15
1178 345 1216 349 —
1232 327 1301 358 Iun.
1323 326 1374 368 14)
1399 325 1429 357 d.
1446 328 1486 357 20
1511 327 1594 367 (Iun.
1615 329 1737 359 15—30
1753 327 1864 368 ÷Iul.
1883 328 1988 369 1—4),
2012 339 2087 370 pos-

438 384 509 410 sunt
547 380 623 410 item
660 384 806 421 tempora
847 379 1006 410 numerari
1048 389 1106 420 per
1141 378 1209 410 dies
1246 378 1331 409 solos
1369 379 1405 408 17
1441 377 1529 419 (Mai.
1562 378 1699 420 15—31)
1733 381 1768 420 -Ι-
1804 381 1844 411 30
1876 379 1974 421 (11111.)
2007 383 2041 419 -1-
2069 382 2087 411 4

439 432 511 471 [Iul.
535 434 626 471 1—4)
652 448 689 458 =
716 435 765 463 51.
791 450 831 453 ——
856 431 930 473 Ipsa
953 431 1121 462 intervalla
1145 431 1171 462 si
1194 431 1388 462 haberemus
1411 433 1500 461 recte
1524 430 1643 461 tradita
1666 431 1712 462 ita
1734 434 1770 462 ut
1792 432 1897 473 spatia
1919 431 2087 471 habemus,

439 494 635 525 magnopere
660 483 899 524 chronologiam
923 482 1126 515 adiuvarent:
1150 493 1225 514 nam
1249 482 1318 513 dies
1334 482 1570 524 depositionum
1595 492 1714 524 magna
1738 493 1779 513 ex
1801 486 1893 524 parte
1918 486 1973 514 aut
1996 484 2087 525 igno-

437 539 546 565 rantur
562 538 617 565 aut
634 538 767 576 possunt
791 538 877 565 certe
901 535 933 566 in
958 534 1191 566 dubitationem
1215 535 1322 565 vocari
1347 534 1395 574 (ut
1417 534 1449 565 in
1466 533 1629 565 Bonifatio
1646 534 1695 565 IV
1711 534 1862 566 defuncto
1886 545 1914 566 a.
1932 537 1993 566 615
2019 536 2087 577 epi-

437 586 580 626 taphium
605 586 690 627 quod
715 589 805 617 extat
829 585 913 617 diem
938 586 1038 617 habet
1064 597 1082 617 a
1107 586 1287 617 Pontificali
1312 585 1498 627 diversum).
1545 585 1610 616 Sed
1635 596 1828 627 quamquam
1852 586 1883 617 in
1906 586 2088 618 Pontificali

437 638 604 668 intervalla
634 638 686 668 xix
714 638 779 668 ullo
806 638 877 669 loco
907 638 1022 669 desunt
1044 648 1150 680 neque
1174 638 1246 669 libri
1276 638 1307 668 in
1330 637 1368 668 iis
1391 647 1590 679 magnopere
1615 638 1756 677 variant,
1788 638 1841 679 qui
1871 638 1915 669 ibi
1938 639 2088 680 leguntur

436 689 560 720 numeri
584 700 647 719 non
670 690 772 720 solum
796 700 855 731 per
879 700 918 720 ea
941 694 1087 732 tempora
1110 690 1217 721 ficticii
1241 692 1323 729 sunt,
1347 689 1403 720 ubi
1425 689 1536 731 spatiis
1554 699 1681 731 quoque
1706 689 1787 720 fides
1812 690 2006 731 abneganda
2029 693 2087 731 est,

437 740 493 770 sed
518 741 614 771 etiam
638 744 767 782 postea⁷
792 741 846 772 ubi
869 741 949 772 haec
973 742 1003 772 in
1027 742 1210 772 universum
1239 751 1316 772 vera
1340 744 1428 780 sunt,
1452 744 1585 772 manent
1608 741 1847 777 commenticia;
1878 745 1965 773 certe
1989 742 2087 773 inter—

437 792 519 822 valla
551 802 633 834 quae
665 803 706 823 cx
740 792 845 824 indice
881 793 1053 824 Liberiano
1090 793 1285 832 efficiuntur,
1316 796 1428 823 auctor
1462 792 1534 823 libri
1562 792 1758 823 Pontificalis
1787 793 1943 824 incuriose
1968 793 2088 835 sprevit

436 844 576 874 numeris
599 844 777 875 substitutis
800 845 868 875 sine
893 844 989 875 dubio
1014 845 1111 883 falsis,
1136 845 1426 886 continuanturque
1451 844 1549 875 etiam
1572 846 1646 885 post
1660 843 1826 875 Liberium
1845 844 2014 876 intervalla
2031 845 2086 876 fic-

436 895 519 933 ticia,
543 899 578 926 ut
601 895 695 926 sedes
713 895 827 926 dicitur
850 897 1015 927 vacavisse
1039 907 1098 938 per
1122 896 1191 927 dies
1215 898 1254 928 38
1283 899 1357 938 post
1379 895 1523 926 Felicem
1547 895 1580 926 II
1608 895 1798 937 (XXXVII)
1822 895 1944 927 Liberii
1967 897 2089 928 scilicet

436 957 664 987 successorem,
689 958 785 989 quem
808 948 877 989 ipse
902 948 984 979 liber
1007 949 1069 979 alio
1095 949 1165 979 loco
1190 949 1235 979 ait
1259 948 1376 979 obiisse
1400 950 1474 978 ante
1491 946 1673 982 Liberium;
1697 947 1776 978 item
1792 951 1866 989 post
1881 948 2020 990 Xystum
2036 948 2088 979 III

436 998 575 1040 (XLVI)
593 1000 798 1031 intervallum
821 1000 994 1031 adnotatur
1018 1000 1141 1032 dierum
1166 1002 1216 1040 22,
1240 1011 1312 1031 cum
1336 1002 1462 1031 constet
1485 1010 1528 1030 ex
1550 1000 1734 1030 testimonio
1758 1000 1920 1041 scriptoris
1943 1000 2088 1042 aequalis

436 1050 580 1082 Leonem
610 1052 639 1082 ei
663 1052 854 1083 successisse
878 1056 953 1094 post
977 1053 1046 1084 dies
1070 1053 1206 1094 amplius
1230 1055 1280 1083 40.
1326 1052 1356 1083 A
1380 1052 1492 1083 Leone
1522 1051 1596 1083 inde
1620 1052 1723 1094 primo
1748 1051 1789 1083 ad
1812 1053 1932 1083 saeculi
1957 1053 2086 1094 septimi

436 1104 606 1145 episcopos
630 1104 750 1145 primos
774 1105 841 1135 veri
864 1105 988 1136 numeri
1012 1108 1047 1136 ut
1070 1105 1240 1146 aliquoties
1265 1104 1394 1142 adsunt,
1417 1104 1462 1134 ita
1485 1114 1549 1135 non
1574 1103 1689 1135 desunt
1713 1104 1809 1135 errati
1836 1104 1934 1135 etiam
1957 1105 2084 1146 gravio-

435 1165 500 1194 res,
524 1159 559 1186 ut
582 1159 655 1197 post
671 1155 825 1197 vigilium
849 1155 967 1197 (LXI),
992 1157 1162 1198 Pelagium
1185 1157 1201 1187 I
1225 1156 1363 1198 (LXII),
1394 1155 1607 1187 Benedictum
1631 1156 1647 1187 I
1675 1155 1828 1197 (LXIV),
1853 1155 2045 1198 Gregorium
2069 1155 2084 1187 I

435 1206 590 1247 <LXV1):
616 1208 656 1238 ab
680 1207 825 1238 Honorio
852 1207 1005 1249 (LXXII)
1031 1208 1161 1239 demum
1193 1208 1363 1239 intervalla
1393 1208 1439 1239 ita
1463 1207 1634 1239 decurrunt
1658 1208 1768 1249 spatiis
1792 1218 1950 1250 congrua,
1973 1211 2009 1238 ut
2039 1207 2087 1238 di-

435 1259 603 1290 versitates
625 1270 682 1301 per
705 1260 854 1290 minutias
878 1261 959 1299 illas,
984 1260 1024 1291 de
1050 1260 1164 1302 quibus
1188 1263 1285 1291 antea
1308 1260 1426 1299 monui,
1451 1260 1527 1291 satis
1552 1260 1761 1302 explicentur.
1787 1279 1826 1283 —-
1850 1260 1965 1302 Itaque
1989 1260 2087 1290 inter-

434 1312 590 1342 vallorum
613 1312 737 1343 numeri
760 1312 791 1342 in
815 1312 931 1343 librum
954 1312 1177 1343 Pontificalem
1200 1322 1264 1343 non
1288 1315 1361 1343 sunt
1384 1312 1476 1342 relati
1501 1322 1542 1343 ex
1567 1312 1804 1353 computatione
1829 1312 1953 1343 curiosa
1977 1314 2088 1353 aptata

433 1362 475 1393 ad
502 1364 605 1405 spatia
633 1364 857 1405 episcoporum
885 1364 960 1395 inde
991 1375 1010 1395 a
1040 1364 1160 1395 saeculi
1198 1364 1303 1406 quarti
1338 1364 1492 1405 principio
1529 1364 1605 1394 satis
1639 1366 1727 1394 certo
1761 1366 1852 1403 nota,
1887 1374 1947 1394 nec
1982 1363 2085 1404 magis

434 1414 634 1446 descendunt
659 1426 700 1446 ex
723 1416 877 1447 laterculo
903 1427 974 1447 cum
990 1416 1099 1447 Indice
1124 1426 1220 1457 quem
1243 1416 1379 1457 scriptor
1402 1415 1548 1446 adhibuit
1571 1415 1762 1446 auctoritate
1780 1418 1813 1446 et
1829 1415 1974 1446 bonitate
1998 1424 2086 1446 com-

432 1467 586 1508 parandO,
610 1467 668 1498 sed
691 1471 726 1498 ut
748 1478 813 1498 non
835 1477 907 1498 raro
931 1478 1025 1498 veros
1049 1478 1200 1498 numeros
1223 1467 1345 1498 habent
1375 1467 1538 1509 profectos
1561 1467 1603 1498 ab
1624 1467 1807 1498 auctoribus
1833 1467 1933 1503 bonis,
1957 1466 2003 1497 ita
2026 1476 2083 1497 ae-

433 1519 573 1560 qualium
609 1519 774 1550 hominum
809 1519 1049 1550 adnotationem
1078 1522 1270 1561 perpetuam
1299 1529 1363 1549 non
1396 1529 1474 1560 prae
1509 1529 1543 1549 se
1578 1518 1684 1549 ferunt
1713 1519 1772 1549 nisi
1800 1518 1875 1549 inde
1910 1528 1930 1549 a
1965 1517 2084 1549 saeculi

433 1571 560 1611 septimi
591 1570 745 1601 decennio
777 1571 883 1602 tertio.
938 1570 1153 1601 Confirmatur
1179 1571 1224 1601 ita
1257 1570 1343 1612 quod
1374 1581 1470 1612 supra
1498 1572 1544 1612 (p.
1561 1569 1690 1610 XVIII)
1728 1570 1822 1611 posui
1852 1569 1926 1600 libri
1955 1569 2086 1600 Pontifi-

433 1622 510 1652 calis
547 1622 703 1663 originem
735 1632 799 1653 non
830 1625 919 1653 recte
943 1622 1055 1653 referri
1078 1622 1120 1653 ad
1143 1625 1285 1653 aetatem
1309 1621 1615 1662 Theodericianam‚
1640 1621 1698 1653 sed
1721 1622 1816 1653 scribi
1839 1624 1990 1663 coeptum
2016 1631 2086 1652 esse

433 1678 505 1716 post
529 1673 723 1715 Gregorium
746 1674 894 1716 primum.

949 2032 1180 2078 CAPVT
1223 2031 1568 2086 QVARTVM.

619 2137 956 2170 DEPOSITIONVM
980 2137 1299 2169 EPISCOPORVM
1322 2135 1610 2169 ROMANORVM
1633 2116 1899 2167 LATEROVLI.

537 2207 801 2249 Disquisitionem
826 2206 865 2237 110
887 2207 1040 2248 sepulcris
1057 2206 1283 2248 episcoporum
1299 2205 1520 2236 Romanorum
1543 2205 1608 2235 late
1632 2207 1797 2246 patentem
1823 2208 1855 2235 et
1878 2203 1919 2234 ad
1943 2203 2084 2245 ipsorum

435 2259 551 2290 rudera
583 2270 645 2290 11011
678 2260 781 2290 minus
811 2269 905 2300 quam
934 2258 975 2289 ad
1004 2259 1138 2300 scriptos
1167 2258 1265 2288 libros
1295 2256 1490 2298 exigendam
1520 2267 1626 2298 neque
1655 2257 1681 2287 is
1713 2267 1782 2287 sum
1812 2256 1865 2298 qui
1889 2258 2084 2297 pertractem

435 2322 540 2353 neque
574 2311 625 2342 hic
659 2311 748 2342 locus
782 2311 811 2341 ei
841 2309 1087 2352 pertractandae
1117 2313 1211 2351 aptus
1244 2312 1302 2340 est.
1353 2308 1419 2340 Sed
1443 2309 1564 2350 placuit
1588 2309 1723 2339 vitarum
1753 2307 1878 2349 corpori
1910 2307 2085 2348 adiungere

435 2363 607 2394 laterculos
643 2362 683 2393 ad
718 2362 865 2404 sepulcra
898 2372 937 2393 ea
970 2362 1168 2403 pertinentes
1198 2360 1294 2399 duos,
1326 2360 1462 2391 alterum
1494 2360 1637 2391 locorum
1666 2360 1698 2390 111
1729 2359 1891 2390 codicibus
1924 2358 2085 2398 traditum,

437 2415 585 2456 quoniam
616 2414 758 2445 tabulam
788 2414 860 2445 huic
885 2414 1079 2445 simillimam
1103 2413 1175 2444 libri
1199 2412 1395 2443 Pontifiealis
1420 2413 1554 2454 scriptor
1577 2411 1703 2442 videtur
1725 2411 1926 2447 adhibuisse;
1950 2411 2085 2441 alterum

437 2465 558 2496 dicrum
590 2476 631 2496 cx
663 2466 734 2496 vitis
763 2476 782 2496 a
810 2465 901 2496 nobis
931 2465 1024 2496 editis
1049 2468 1247 2506 excerptum,
1273 2465 1423 2506 quoniam
1446 2463 1487 2494 ad
1511 2463 1776 2505 interpolationes
1800 2462 1949 2493 classium
1977 2461 2083 2492 diver-

436 2527 541 2547 sarum
572 2516 805 2558 dignoscendas
834 2517 912 2548 utile
943 2521 992 2547 est
1020 2527 1082 2547 uno
1117 2519 1292 2558 conspectu
1321 2515 1389 2547 dies
1423 2515 1481 2546 hos
1509 2513 1739 2557 comprehendi
1762 2514 1935 2545 collocatos
1959 2513 2027 2544 fere
2053 2513 2085 2544 in

437 2568 572 2599 vitarum
597 2573 687 2609 parte
713 2573 869 2600 extrema.

1000 2687 1023 2718 Ι,
1047 2686 1151 2718 LOCI
1173 2685 1521 2718 DEPOSITIONVM.

543 2755 770 2796 Depositiones
800 2756 1022 2797 episcoporum
1047 2756 1266 2787 Romanorum
1295 2766 1315 2786 a
1342 2755 1441 2786 Petro
1472 2754 1514 2785 ad
1544 2753 1732 2785 Zachariam
1757 2752 1792 2794 (†
1818 2751 1893 2794 752)
1918 2752 2083 2784 ordinatae

439 2806 479 2836 ad
503 2807 573 2837 loca
598 2807 746 2847 leguntur
770 2807 799 2837 in
825 2807 912 2838 libris
937 2807 1071 2839 duobus
1097 2807 1137 2838 dc
1162 2808 1278 2849 quibus
1302 2807 1383 2837 infra
1406 2807 1437 2837 in
1463 2806 1607 2838 codicum
1632 2815 1765 2836 recensu
1788 2804 1921 2844 dicetur,
1938 2804 2083 2836 Parisino
