2245 3213
874 201 1154 228 PROLEGOMENA.
1749 203 1839 228 XXXI

193 290 226 329 (†
254 289 340 330 530).
393 288 545 330 Episcopi
580 290 804 319 numerantur:
843 291 1024 329 postremus
1058 288 1152 318 Felix
1185 287 1253 318 IIII
1291 291 1339 318 est
1377 289 1659 330 quinquagesimus
1699 293 1838 331 quartus.

191 341 424 372 Praescribitur
440 344 472 370 01
488 340 710 370 subscribitur:
735 333 810 378 ‘W
834 341 878 379 (in
901 340 962 370 fine
986 333 1105 380 ἶπῖχῖίηὶ)
1130 340 1258 370 vunnim
1275 340 1486 378 [piscolmrzcm
1509 341 1564 379 qni
1582 341 1615 371 in
1632 342 1706 372 urbe
1723 342 1841 372 limum·

192 393 293 434 (roma
316 393 347 423 in
370 392 448 432 fine)
477 390 622 431 fuerunt.
669 391 848 422 Ediderunt
880 391 920 421 ad
954 392 1175 433 apographum
1201 392 1318 422 Pertzii
1342 392 1468 433 Lipsius
1500 393 1518 423 l.
1537 403 1562 422 0.
1595 397 1626 423 01
1655 404 1673 423 a
1696 393 1841 434 Ber-gero

192 445 385 487 descriptum
402 444 574 475 Duchesne
598 454 628 484 p.
647 445 696 474 211.
737 443 811 484 Ipse
836 444 1011 484 recognovi
1034 454 1139 484 neque
1166 444 1334 484 quicquam
1352 444 1481 485 repperi
1506 444 1590 485 quod
1614 445 1644 475 in
1663 446 1841 487 exemplari

192 497 278 527 edito
303 495 490 527 mutandum
515 498 610 526 esset.

295 564 322 592 5.
354 560 577 591 Laudunensis
608 570 691 591 saec.
713 559 777 590 VII
811 561 879 601 (fex
910 559 1126 590 bibliothecae
1156 560 1371 601 manuscripto
1404 560 1435 590 S.
1460 560 1587 591 Ioannis
1618 561 1841 593 Laudunensis

192 614 231 643 :ib
265 614 353 644 annis
382 613 452 654 plus
482 613 568 643 mille
600 610 797 652 descripto'),
830 610 925 641 hodie
959 611 1164 652 deperditus,
1201 622 1263 642 una
1299 623 1369 642 cum
1404 613 1552 653 catalogo
1588 614 1840 654 patriarcharum

191 665 499 704 Alexandrinorum,
524 664 611 695 cuius
636 664 740 705 spatia
763 663 875 693 finiunt
899 663 930 693 in
956 662 1126 693 Timotheo
1151 663 1261 693 Elurio
1288 664 1321 701 (†
1340 665 1431 699 477).
1456 665 1585 694 nomina
1608 666 1638 695 in
1663 665 1841 707 Apollinari

193 724 229 756 10.
255 728 282 747 a.
301 716 387 751 559).
434 716 545 757 Spatia
570 716 792 756 episcoporum
817 714 1053 751 Romanorum,
1087 725 1168 755 qnae
1201 725 1264 745 non
1295 714 1415 745 habent
1442 715 1501 745 nisi
1524 726 1623 746 annos
1648 721 1680 747 et
1704 728 1840 754 menses,

190 769 301 799 finiunt
334 769 367 799 in
394 768 528 809 Pelagio
550 768 565 798 Ι
593 767 626 807 (1
648 768 734 805 5611,
770 766 898 797 nomina
931 766 964 806 (a
990 766 1092 807 prima
1120 776 1215 796 manu
1252 770 1286 796 ut
1319 766 1454 805 videtur,
1489 778 1561 797 nam
1601 768 1641 798 ad
1677 779 1749 799 eum
1784 769 1840 799 nd-

191 821 342 862 scriptum
378 823 427 850 est
460 830 557 858 usque
585 829 738 858 praesens
772 820 903 856 tmuporc
933 817 1087 847 DIanritieI
1120 817 1193 856 imp.
1223 817 1376 856 Amyn-sti)
1411 819 1441 848 in
1471 818 1605 860 Pelagio
1630 820 1662 850 ΙΙ
1694 822 1726 859 (†
1751 822 1840 861 5910:

191 872 316 903 accedit
350 881 467 902 nomen
503 871 652 911 Gregorii
685 870 709 900 Ι.
760 869 998 909 Praescriptum
1035 872 1100 899 est:
1138 869 1294 907 incipiant
1326 869 1542 900 Romanorum
1577 872 1705 901 annilina
1739 882 1840 902 sam*-

191 925 307 955 (Ιωίηυι.
332 942 369 945 —
398 923 588 954 Laterculus
612 921 698 952 haud
722 922 786 952 scio
811 932 851 951 an
875 920 1008 951 Graecis
1040 921 1144 962 potius
1169 920 1426 951 adnumerandus
1451 922 1491 952 sit
1515 933 1609 963 quani
1635 923 1775 954 oriundis
1800 935 1841 954 ex

192 976 333 1006 ecclesiis
356 975 488 1005 Latinis.
534 974 616 1004 Nam
644 977 776 1015 praeter
805 973 1061 1003 coniunctionem
1086 983 1157 1003 011111
1183 973 1284 1003 altero
1310 972 1529 1004 Alexandrino
1555 975 1672 1005 omittit
1696 975 1764 1006 dios
1789 976 1841 1015 (cf.

192 1039 221 1069 p.
244 1026 391 1057 XXVIII
426 1030 492 1057 not.
517 1026 549 1067 2)
585 1036 690 1067 neque
726 1025 826 1056 habet
857 1025 999 1056 Felicem
1026 1025 1083 1063 II.,
1119 1035 1201 1066 quae
1235 1025 1297 1055 duo
1334 1029 1497 1056 momenta
1526 1027 1556 1056 in
1591 1027 1666 1057 solis
1697 1027 1841 1058 Graecae

192 1079 348 1110 ecclesiae
380 1078 541 1109 laterculis
571 1078 740 1108 observata
769 1080 849 1107 sunt.
896 1077 1072 1107 Praeterea
1104 1076 1277 1107 admodum
1309 1078 1514 1118 perturbatus
1544 1081 1602 1109 cst.
1648 1078 1749 1109 Addit
1774 1080 1840 1120 epi-

191 1142 304 1172 scopos
343 1134 492 1172 quattuor
530 1130 614 1160 male
649 1129 829 1170 geminatos
868 1129 919 1159 vel
957 1129 1089 1159 ficticios
1128 1132 1201 1170 post
1238 1128 1416 1159 Fabianum
1451 1131 1519 1170 (21)
1549 1130 1728 1168 Victorem,
1771 1134 1842 1171 post

191 1183 329 1223 Xystum
346 1181 378 1212 II
403 1182 470 1223 (25)
502 1181 694 1217 Maximum,
723 1184 795 1222 post
827 1180 1003 1211 Damasum
1032 1180 1100 1219 (aa)
1131 1180 1327 1217 Musonium,
1359 1189 1432 1222 post
1455 1181 1631 1223 Agapitum
1656 1181 1726 1221 (59)
1751 1182 1840 1222 Vigi-

190 1235 284 1265 lium:
314 1234 358 1264 ita
387 1244 457 1264 cum
482 1233 624 1264 Felicem
648 1233 695 1271 H,
730 1236 765 1263 ut
792 1232 874 1272 dixi,
906 1233 1042 1271 omittat,
1068 1232 1258 1273 Dionysium
1277 1234 1343 1269 1211)
1369 1233 1488 1263 habeat
1513 1233 1658 1274 quidem,
1691 1233 1747 1263 sed
1779 1244 1840 1263 non

191 1290 350 1321 numeret,
384 1285 506 1316 duobus
530 1285 669 1315 numeris
694 1284 846 1325 demptiS,
879 1288 1029 1325 quattuor
1053 1284 1168 1314 additis
1193 1285 1339 1315 laterculi
1362 1284 1584 1316 Laudunensis
1608 1286 1736 1316 ultimus
1759 1285 1841 1315 Grv-

190 1338 298 1378 gorius
315 1337 339 1375 1,
374 1337 492 1368 Indicis
515 1336 634 1369 LXIV.
671 1336 721 1367 hic
753 1340 801 1367 est
831 1335 950 1368 LXVI.
1004 1335 1114 1366 Edidit
1144 1336 1333 1367 laterculum
1362 1336 1568 1368 Montfaucon
1603 1337 1644 1367 ad
1675 1337 1842 1367 Athanasii

191 1399 290 1430 opera
314 1392 389 1419 tom.
407 1388 422 1419 Ι
446 1392 526 1430 part.
545 1389 560 1419 I
585 1389 697 1429 (1693)
722 1399 751 1430 p.
768 1387 837 1418 XC.

294 1455 322 1484 6.
355 1453 554 1484 Coloniensis
584 1464 613 1484 n.
640 1455 701 1483 212
733 1454 898 1484 continens
933 1453 1079 1494 syllogen
1111 1463 1283 1489 canonum,
1318 1463 1399 1494 quae
1436 1453 1476 1483 ab
1507 1463 1545 1484 eo
1576 1454 1773 1495 appellatur,
1809 1454 1840 1484 in

192 1506 274 1536 foliis
298 1505 422 1536 duobus
447 1516 465 1536 a
482 1506 677 1546 glutinatore
696 1505 829 1536 adiectis
846 1505 983 1535 indicem
1001 1505 1187 1546 pontificum
1205 1505 1304 1536 habet
1321 1506 1473 1546 scriptum
1498 1516 1516 1535 a
1541 1516 1636 1535 manu
1653 1506 1839 1543 vetustiore,

191 1557 311 1588 saeculi
335 1561 367 1588 ut
391 1557 518 1588 videtur
541 1558 634 1588 sexti.
682 1557 807 1598 Spatia,
841 1560 998 1598 quatenus
1022 1568 1040 1587 a
1069 1557 1171 1598 prima
1201 1567 1296 1587 manu
1326 1560 1412 1592 sunt,
1446 1557 1558 1588 finiunt
1585 1558 1616 1587 in
1640 1557 1783 1588 Iohanne
1809 1556 1841 1587 Π

191 1609 222 1649 (1
240 1610 327 1648 5351,
351 1610 481 1640 nomina
505 1610 535 1639 in
560 1620 742 1640 successore
768 1610 836 1640 eius
854 1609 1014 1650 Agapito:
1041 1609 1108 1639 eius
1133 1609 1270 1650 spatium
1296 1609 1436 1650 itemque
1461 1610 1590 1640 nomina
1607 1610 1774 1650 spatiaque
1799 1609 1840 1639 ad

190 1661 358 1701 Pelagium
384 1661 415 1691 II
448 1664 477 1699 (†
496 1662 588 1699 590),
623 1671 740 1691 nomen
765 1661 866 1691 solum
891 1661 1083 1691 successoris
1109 1661 1176 1691 eius
1205 1660 1354 1701 Gregorii
1378 1661 1402 1691 I.
1434 1660 1551 1691 adiecit
1585 1671 1697 1692 manus
1728 1662 1839 1692 altera.

191 1713 442 1754 Praescriptum:
484 1713 638 1751 incipiunt
668 1713 795 1743 nomina
825 1716 1004 1743 &anctorum
1039 1713 1249 1751 rpisvostnrmn
1282 1713 1338 1751 rjai
1371 1713 1472 1743 salem,
1502 1713 1583 1743 beati
1616 1713 1703 1743 Pari
1737 1714 1840 1744 sedere

190 1767 384 1802 meruerant,
413 1764 626 1805 subscriptum
656 1775 674 1795 a
703 1775 797 1795 manu
827 1765 942 1806 prima:
975 1765 1031 1803 (stoi
1057 1766 1140 1803 fimat
1164 1765 1244 1795 (enni
1268 1764 1394 1795 ΒΓΗ]
1425 1770 1500 1801 (non
1530 1764 1694 1799 DCVJJI,
1727 1768 1761 1795 ut
1793 1768 1841 1795 est

191 1816 276 1858 apud
293 1815 536 1851 Duchesnium).
584 1816 761 1847 Ediderunt
778 1816 926 1847 Maassen
947 1816 1074 1855 Quellvn.
1105 1819 1112 1846 1
1141 1818 1254 1856 (1070)
1280 1826 1312 1857 p.
1330 1818 1390 1847 955
1416 1819 1448 1846 ct
1465 1816 1549 1847 Jaffl'·
1574 1820 1605 1847 et
1622 1815 1840 1847 &Vattenbach

192 1868 267 1898 eccl.
285 1867 395 1898 Colon.
414 1867 505 1898 codd.
523 1879 598 1899 mss.
616 1870 727 1909 (1574)
752 1878 782 1909 p.
804 1870 868 1899 lljf).
915 1867 1176 1908 Photographice
1202 1878 1391 1908 expressum
1416 1867 1574 1898 dederunt
1598 1868 1842 1909 Zangemeister

192 1923 225 1950 et
242 1919 461 1950 wattenbach
484 1920 516 1950 in
539 1920 696 1961 exemplis
721 1920 811 1951 codd.
837 1919 908 1951 Lat.
935 1920 998 1951 tab.
1024 1922 1073 1950 37.
1093 1922 1142 1955 38,
1167 1919 1208 1950 ad
1232 1930 1311 1961 quos
1334 1920 1480 1961 repetivi.

302 1994 323 2014 1.
359 1983 544 2025 Albigensis
572 1995 600 2014 n.
625 1986 643 2014 2
673 1994 756 2014 saec.
780 1984 827 2014 IX
860 1994 1016 2014 canonum
1050 1984 1194 2025 syllegae
1228 1984 1270 2020 ei,
1307 1995 1402 2026 quam
1436 1988 1563 2015 enarrat
1593 1984 1740 2015 Maassen
1770 1985 1789 2015 l.
1815 1995 1840 2015 c.

192 2046 222 2076 p.
241 2036 317 2072 592,
347 2035 534 2077 praeposuit
563 2035 734 2066 laterculos
767 2039 844 2074 tres,
880 2035 1074 2066 dioecesium
1104 2035 1228 2066 Galliae
1263 2036 1316 2071 (cf.
1342 2036 1448 2066 chron.
1478 2036 1552 2066 min.
1578 2036 1638 2066 vol.
1663 2039 1672 2066 1
1705 2047 1735 2078 p.
1755 2037 1840 2076 524),

192 2087 425 2128 provinciarum
442 2087 567 2128 imperii
584 2087 721 2118 Romani
745 2087 779 2128 (l.
796 2098 821 2118 c.
846 2098 876 2128 p.
892 2090 952 2118 5133
962 2092 978 2125 1,
1005 2088 1230 2128 episcoporum
1247 2087 1333 2118 urbis
1351 2087 1484 2117 Romae.
1524 2087 1662 2118 Nomina
1687 2091 1718 2118 et
1739 2089 1842 2129 spatia

192 2139 380 2179 perveniunt
404 2138 445 2169 ad
470 2139 636 2180 Pelagium
653 2139 684 2169 H
709 2138 743 2180 (†
761 2140 837 2173 51111)
863 2138 988 2170 adiecto
1019 2149 1203 2170 successore
1229 2139 1386 2180 Gregorio
1406 2139 1421 2169 I
1451 2150 1520 2170 cum
1554 2140 1656 2180 spatio
1682 2143 1841 2181 corrupto.

193 2189 344 2231 Episcopi
374 2200 436 2220 11011
467 2194 682 2221 numerantur.
729 2190 943 2232 Praescriptio
976 2194 1009 2221 et
1033 2191 1221 2231 subscriptio
1252 2191 1369 2221 nullae.
1417 2190 1527 2221 Edidit
1550 2191 1752 2221 Duchesnius
1776 2191 1795 2222 l.
1815 2201 1840 2221 c.

191 2252 223 2282 p.
240 2244 291 2281 26,
315 2241 355 2272 ad
380 2252 475 2283 quem
500 2242 646 2283 repetivi.

297 2307 324 2337 S.
355 2305 595 2347 Frodegariana
624 2317 706 2348 quae
732 2306 845 2338 dicitur
877 2308 1000 2349 sylloge
1031 2308 1149 2349 scripta
1173 2318 1255 2339 saec.
1274 2307 1337 2338 VH
1368 2307 1474 2338 medio
1508 2308 1538 2337 in
1561 2307 1623 2338 fine
1653 2307 1723 2337 libri
1748 2307 1841 2348 primi

193 2357 275 2388 inter
299 2362 453 2400 excerpta
470 2358 725 2400 Hieronymiana
750 2362 782 2389 01
800 2359 978 2389 Isidoriana
1002 2360 1184 2400 catalogum
1207 2360 1348 2390 0011111101
1366 2359 1588 2400 episcoporum
1612 2358 1841 2397 Romanorum,

195 2410 282 2440 cuius
313 2410 344 2440 in
368 2410 589 2440 vetustissimis
615 2410 856 2451 exemplaribus
887 2411 990 2452 spatia
1019 2411 1130 2441 finiunt
1160 2411 1190 2441 in
1221 2410 1364 2441 Iohanne
1389 2410 1435 2440 IV
1460 2409 1584 2448 (11542)
1618 2409 1743 2440 adiecto
1775 2410 1841 2440 sine

194 2461 297 2502 spatio
327 2461 455 2492 nomine
487 2462 678 2492 successoris
703 2461 876 2492 Theodori.
923 2462 1037 2492 Manus
1062 2463 1163 2493 altera
1187 2463 1218 2493 in
1244 2462 1394 2502 exemplo
1424 2461 1574 2502 primario
1603 2460 1739 2491 indicem
1769 2472 1842 2492 con-

194 2512 329 2543 tinuavit
346 2512 386 2543 ad
404 2512 604 2543 Hadrianum
621 2513 645 2544 I.
661 2512 694 2553 ff
710 2514 796 2551 795).
832 2513 1084 2554 Praescriptum:
1111 2513 1221 2552 imipit
1244 2515 1296 2544 not
1320 2513 1355 2543 de
1378 2513 1528 2551 episcopis
1551 2515 1677 2543 sanctae
1700 2512 1843 2543 ccclesiae

196 2563 358 2594 Romanae
381 2565 436 2603 qui
459 2565 511 2595 cm]
539 2565 684 2595 secccrxsse'z‘
712 2564 757 2595 vel
783 2568 901 2603 quanto
925 2568 1058 2603 tempore
1081 2565 1161 2605 ficit.
1206 2564 1286 2595 Post
1309 2564 1524 2595 Dodwellium
1550 2563 1636 2604 (diss.
1664 2564 1703 2594 de
1729 2565 1840 2606 pontis.

194 2615 287 2646 Rom.
312 2620 384 2657 post
408 2626 482 2657 opp.
505 2619 654 2657 postuma
678 2616 845 2647 Pearsonii
868 2616 1017 2647 Londinii
1050 2618 1124 2647 1688
1150 2627 1180 2657 p.
1199 2616 1285 2651 222),
1312 2617 1365 2657 qui
1388 2615 1469 2646 libro
1493 2626 1568 2646 usus
1593 2619 1642 2646 est
1666 2615 1841 2647 Oxoniensi

195 2667 372 2697 Bodleiano
397 2678 475 2698 mus.
495 2669 532 2697 74
559 2667 704 2698 derivato
730 2678 771 2698 ex
795 2668 979 2698 melioribus
1005 2668 1058 2708 (cf.
1076 2679 1169 2698 nenos
1188 2668 1307 2698 Archiv
1325 2671 1352 2705 4,
1371 2669 1458 2707 383),
1482 2667 1619 2698 indicem
1645 2678 1717 2698 eum
1743 2667 1843 2698 edidit

195 2719 277 2749 inter
304 2719 545 2760 Fredegariana
573 2718 749 2749 Kruschius
779 2720 900 2761 (script.
926 2719 1047 2751 Merov.
1073 2720 1124 2750 vol
1143 2721 1160 2749 2
1184 2730 1213 2760 p.
1233 2720 1302 2758 34),
1335 2720 1519 2760 exprimens
1550 2719 1712 2757 codicem,
1737 2730 1755 2750 a
1780 2730 1841 2761 quo

196 2771 307 2812 reliqui
330 2771 482 2812 pendent,
514 2771 692 2802 Parisinum
722 2773 820 2802 10910
845 2782 928 2802 saec.
946 2771 1102 2810 VHJVHI
1126 2771 1252 2801 adiecta
1273 2771 1359 2801 varia
1383 2771 1520 2801 lectione
1540 2770 1706 2801 Met-tonsis
1731 2782 1758 2801 11.
1783 2773 1836 2800 131

197 2826 228 2852 01
256 2822 428 2853 Bernensis
451 2833 480 2853 n.
498 2825 568 2853 3123.
615 2823 708 2853 Illum
733 2823 808 2853 item
833 2822 978 2853 adhibuit
1002 2822 1202 2853 Dnchesnius
1226 2833 1256 2863 p.
1276 2826 1324 2853 25.
