2245 3213
443 209 557 235 xxvlll
1129 205 1410 232 PROLEGOMENA.

442 297 500 327 hoc
533 297 602 327 loco
632 294 788 326 tractandi
823 296 910 332 sunt,
944 292 1002 323 sed
1032 292 1269 323 commentariis
1299 291 1493 331 illustrandi,
1529 291 1562 322 id
1596 291 1681 333 quod
1715 290 1918 322 Duchesnius
1955 290 2086 332 egregie

443 348 644 389 &pracsertim
676 347 736 377 vol.
761 349 769 376 i
801 356 831 387 p.
851 343 1109 383 (XL-CLIV)
1139 344 1284 385 perfecit.
1330 343 1436 374 Unum
1467 343 1551 375 addo
1581 343 1708 374 omnino
1740 341 1988 384 comparandam
2019 352 2089 373 esse

442 400 583 430 chartam
608 398 806 429 Tiburtinam
832 396 980 437 scriptam
1006 406 1033 427 a.
1053 397 1114 427 -187
1140 395 1173 436 (l.
1191 405 1216 426 c.
1241 406 1271 437 p.
1289 394 1441 436 CXLVI)
1464 395 1648 426 inventariis
1671 394 1760 425 hisce
1783 394 1988 425 simillimam.

545 459 633 489 xlv.
664 458 811 498 Denique
836 457 924 487 varia
948 460 1118 497 praetcrea
1141 456 1173 486 in
1197 456 1278 486 vitas
1301 456 1412 493 relata,
1437 459 1542 487 terrae
1566 458 1670 486 motus
1693 457 1726 486 et
1749 455 1885 496 eclipses
1910 457 1942 486 et
1965 454 2090 492 similia,

443 511 592 541 librorum
624 510 812 551 scriptorum
845 508 894 539 liic
925 508 988 539 illic
1015 508 1129 538 notitia
1160 508 1294 546 inserta,
1325 507 1578 546 haereticorum,
1609 506 1799 546 praesertim
1829 505 2090 537 Manichaeorum

443 562 696 603 persecutiones,
728 560 844 591 iudicia
873 559 912 590 de
948 560 1172 601 episcoporum
1196 559 1352 597 moribus,
1377 568 1459 600 quae
1483 568 1547 589 non
1571 561 1759 600 comparent
1789 561 1863 588 ante
1887 557 2051 589 Gelasium
2075 557 2091 588 Ι

444 616 529 644 «1113.
545 622 594 647 iz),
629 613 659 643 in
694 613 753 643 hac
789 611 1024 642 introductione
1059 614 1093 642 ut
1121 613 1309 649 tractentur,
1345 620 1408 640 non
1442 609 1621 651 requiritur.
1676 609 1821 640 Externa
1856 619 1926 639 cum
1959 618 2090 650 perraro

444 672 623 705 tanguntur.
648 664 802 694 mirabilis
827 674 903 694 sane
928 662 1043 694 accidit
1068 663 1181 693 notitia
1206 662 1245 693 de
1264 672 1341 703 rege
1358 661 1584 692 Britannorum
1599 660 1700 691 Lucio
1718 661 1896 702 imperante
1914 659 2091 691 Commodo

443 717 527 746 facto
552 716 732 746 Christiano
757 717 823 756 (17,
841 715 878 755 ⁴).
910 725 1005 756 quam
1033 718 1140 745 tamen
1169 713 1211 744 ad
1239 717 1403 744 auctorem
1426 712 1622 744 Pontificalis
1651 712 1722 742 libri
1744 711 1850 742 redire
1876 715 1909 742 et
1931 711 2092 743 Britannis

444 779 484 797 ex
514 778 551 797 co
582 767 710 798 demum
739 767 912 797 innotuisse
943 766 1005 797 alio
1039 766 1110 797 loco
1140 765 1263 807 (chron.
1286 765 1360 796 min.
1385 765 1448 796 vol.
1465 766 1483 795 3
1508 775 1538 806 p.
1563 766 1618 794 115
1647 763 1689 794 ad
1717 763 1882 794 historiam
1912 762 2092 794 Brittonum

443 819 658 859 Nennianam)
685 819 912 849 demonstravi.

969 1097 1191 1143 CAPVT
1236 1097 1569 1142 TERTIVM.

746 1203 868 1235 ormo
893 1203 948 1234 ET
975 1203 1137 1234 SPATIA
1161 1201 1479 1234 EPISCOPORVM
1501 1201 1799 1233 ROMANORVM.

549 1273 686 1303 Nomina
710 1273 934 1314 episcoporum
958 1272 1045 1303 urbis
1071 1271 1195 1303 Romae
1220 1282 1291 1303 cum
1315 1272 1427 1314 spatiis
1449 1271 1690 1313 episcopatuum
1718 1273 1848 1312 praeter
1870 1280 1970 1301 annos
1997 1270 2094 1301 etiam

446 1335 572 1355 menses
597 1324 729 1365 diesque
754 1324 1001 1363 enuntiantibus,
1028 1334 1110 1365 quae
1128 1324 1208 1355 libro
1226 1323 1407 1354 Pontificali
1423 1333 1482 1365 pro
1499 1322 1709 1354 fundamento
1727 1325 1808 1361 sunt,
1832 1321 1918 1353 unde
1934 1322 2092 1361 venerint,

445 1376 540 1407 hodie
571 1377 772 1417 exploratum
801 1379 858 1407 est.
906 1376 1034 1407 Scilicet
1066 1376 1242 1406 extiterunt
1271 1376 1402 1417 antiquo
1436 1378 1583 1417 tempore
1614 1377 1646 1405 et
1678 1377 1790 1405 extant
1820 1373 1924 1405 adhuc
1948 1374 2094 1405 laterculi

447 1429 670 1469 episcoporum
695 1427 757 1458 duo
774 1427 889 1458 Latine
914 1428 1023 1469 scripti
1035 1428 1069 1468 ¹),
1096 1437 1230 1469 quorum
1252 1429 1424 1468 utrumque
1445 1426 1661 1458 adhibuerunt
1684 1426 1738 1468 qui
1759 1426 1876 1457 librum
1899 1426 1983 1458 hunc
2006 1436 2094 1458 com-

446 1480 584 1521 pilarunt
609 1482 821 1510 auxeruntve.
869 1478 950 1509 Sunt
973 1482 1081 1510 autem
1104 1479 1146 1510 hi.

557 1543 577 1570 Ι.
610 1540 800 1570 Liberianus
830 1539 882 1580 qui
906 1539 1036 1579 dicitur,
1066 1540 1217 1579 insertus,
1250 1542 1285 1570 ut
1312 1549 1408 1581 supra
1439 1538 1483 1580 (p.
1500 1537 1597 1579 VIII)
1632 1537 1784 1577 diximus,
1818 1538 2095 1580 chronographiae

446 1592 588 1622 urbanae
615 1592 751 1633 scriptae
776 1601 803 1621 a.
827 1601 857 1632 p.
885 1590 957 1622 Chr.
975 1593 1035 1621 354
1069 1592 1247 1633 imperante
1280 1590 1468 1622 Constantio
1492 1590 1525 1621 II
1553 1590 1611 1621 sub
1646 1590 1798 1632 episcopo
1832 1590 1919 1621 urbis
1954 1590 2095 1630 Liberio,

446 1644 545 1674 habet
572 1648 702 1685 practer
725 1643 948 1684 episcoporum
973 1643 1103 1674 nomina
1127 1653 1303 1685 eorumque
1327 1653 1426 1674 annos
1449 1652 1577 1674 menses
1602 1641 1670 1672 dies
1695 1641 1921 1673 adnotationes
1938 1642 2094 1684 quasdam

446 1706 552 1725 rerum
585 1695 856 1733 memorabilium,
889 1694 1031 1725 medium
1063 1695 1108 1725 ita
1139 1695 1245 1726 locum
1274 1698 1387 1726 tenens
1415 1695 1498 1725 inter
1529 1694 1718 1725 laterculum
1742 1697 1775 1725 et
1798 1694 2096 1736 chronographiam.

448 1747 540 1777 Hunc
567 1747 760 1777 l‘ontificalis
784 1745 919 1776 totidem
944 1746 1013 1777 sere
1037 1746 1143 1777 verbis
1168 1749 1201 1777 et
1223 1747 1278 1786 ita,
1302 1749 1338 1777 ut
1361 1747 1487 1788 singula
1511 1746 1617 1788 capita
1639 1746 1680 1777 ab
1704 1746 1792 1777 hisce
1817 1747 1977 1788 excerptis
2001 1746 2097 1777 ordiri

447 1799 581 1835 soleant,
606 1809 662 1829 suo
681 1798 835 1829 volumini
860 1798 1001 1830 inseruit.
1040 1798 1107 1829 Nos
1129 1809 1202 1829 eum
1216 1799 1249 1829 in
1271 1798 1332 1829 hac
1355 1799 1555 1840 praefatione
1571 1808 1635 1829 non
1650 1799 1868 1840 repetivimus,
1892 1798 1950 1830 sed
1967 1799 2098 1840 singulis

445 1852 516 1881 vitis
540 1861 621 1892 quac
646 1851 676 1881 in
701 1849 858 1891 catalogo
882 1850 1078 1892 respondent
1101 1851 1356 1893 subscripsimus.

551 1913 578 1941 2.
613 1910 715 1941 ludex
741 1920 837 1951 quem
862 1921 920 1941 nos
943 1921 1163 1953 nuncupamus
1189 1914 1237 1943 est
1259 1913 1433 1943 laterculus
1456 1912 1581 1943 habens
1605 1913 1735 1953 praeter
1750 1910 1880 1941 nomina
1895 1910 1980 1941 solos
1998 1920 2098 1941 annos

448 1973 574 1993 menses
609 1962 678 1993 dies
716 1962 936 2003 episcopatus,
972 1964 1149 1994 recensitus
1183 1963 1244 1995 hoc
1277 1964 1349 1994 loco
1379 1963 1420 1994 ad
1455 1963 1623 1994 duodecim
1651 1962 1851 2004 exemplaria
1884 1972 1961 1992 mox
1995 1961 2097 1992 nomi-

447 2014 600 2054 nandass).
644 2013 853 2055 Excmplaria
886 2024 925 2045 ca
953 2015 1060 2045 omnia
1090 2015 1196 2046 redire
1225 2015 1267 2046 ad
1296 2026 1394 2046 unum
1424 2015 1574 2057 idemque
1605 2014 1815 2056 archetypum
1843 2014 2003 2055 colligitur
2026 2023 2097 2044 cum

449 2077 489 2096 ex
519 2076 674 2097 consensu
704 2076 813 2096 corum
852 2066 883 2096 in
914 2066 1094 2097 nominibus
1124 2070 1156 2098 et
1184 2068 1324 2098 numeris
1355 2067 1532 2108 plerisque,
1561 2070 1628 2097 tum
1659 2066 1859 2108 potissimum
1890 2065 1980 2105 inde,
2013 2064 2100 2107 quod

448 2118 479 2148 in
503 2117 612 2148 Indice
637 2117 697 2148 hoc
723 2118 914 2158 (composito
940 2118 1067 2148 omnino
1091 2119 1236 2149 utilitatis
1260 2118 1365 2149 studio
1389 2119 1511 2149 maiore
1533 2129 1628 2160 quam
1644 2118 1788 2149 veritatis
1812 2117 1853 2148 ad
1876 2116 2097 2148 illustrandam

449 2170 720 2200 continuationem
753 2169 890 2200 Romani
925 2170 1129 2211 episcopatus
1158 2170 1198 2201 ab
1228 2171 1298 2212 ipsa
1328 2170 1450 2211 origine
1480 2169 1521 2200 ad
1552 2169 1636 2200 diem
1667 2172 1872 2212 praesentem
1902 2179 1965 2200 non
1998 2169 2098 2199 inter-

448 2229 590 2263 ruptam>
626 2221 795 2251 schismata
831 2221 938 2251 omnia
971 2225 1235 2262 praetereuntur,
1272 2221 1329 2252 sed
1363 2221 1543 2252 admittitur
1576 2231 1639 2252 una
1674 2231 1746 2252 cum
1780 2220 1910 2251 Liberio
1945 2220 2038 2251 Felix
2063 2219 2098 2250 II

556 2325 574 2356 ¹)
595 2325 728 2349 Chronicis
750 2325 966 2356 Hieronymianis,
986 2326 1080 2357 quibus
1100 2326 1194 2350 inserta
1212 2329 1272 2350 sunt
1291 2326 1467 2358 episcoporum
1480 2326 1652 2350 Romanorum
1669 2325 1771 2350 nomina
1790 2333 1848 2349 cum
1864 2325 1946 2355 annis,
1966 2323 2010 2348 sed
2024 2323 2098 2347 omis-

450 2370 483 2393 sis
503 2370 554 2393 scre
580 2369 710 2393 mensibus
729 2368 879 2399 diebusque.
899 2368 924 2391 in
944 2369 1086 2393 Pontificali
1105 2368 1169 2393 libro
1188 2369 1318 2393 formando
1338 2368 1425 2393 nullae
1444 2372 1528 2400 partes
1547 2368 1621 2393 datae
1640 2371 1708 2392 sunt.
1743 2367 1924 2392 Tractabimus
1943 2370 2031 2392 autem
2049 2366 2098 2390 hoc

451 2412 504 2434 lucu
525 2420 573 2435 nun
601 2412 775 2443 quaestionem
796 2410 972 2435 difficillinmm
991 2416 1015 2435 et
1034 2411 1085 2435 late
1104 2415 1233 2443 patentem
1251 2412 1282 2436 de
1301 2412 1476 2444 episcoporum
1490 2412 1661 2435 Romanorum
1674 2411 1773 2442 origine
1794 2414 1819 2435 et
1837 2410 1933 2440 ordine,
1951 2417 2030 2441 quam
2048 2409 2099 2434 duo

452 2455 497 2477 viri
518 2455 612 2485 egregii
633 2455 763 2486 Lighttont
790 2454 840 2478 (the
859 2454 984 2485 apostolic
997 2454 1114 2485 fathers,
1135 2456 1247 2479 Clement
1268 2455 1317 2479 vol.
1334 2454 1345 2478 1
1372 2463 1395 2486 p.
1409 2453 1458 2478 201
1470 2454 1518 2486 sq.)
1542 2458 1567 2479 et
1585 2454 1708 2479 Harnack
1733 2452 1793 2485 (act.
1812 2453 1901 2478 minor.
1925 2452 1997 2477 acad.
2013 2451 2099 2476 Beroi.

450 2506 473 2520 n.
491 2496 555 2520 1⁸¹.oe
575 2496 661 2528 1›.⁶le
673 2500 736 2528 seq.)
756 2497 871 2521 doctrina
889 2502 914 2521 ct
932 2498 1073 2528 sagacitate
1098 2498 1145 2521 sibi
1169 2498 1268 2529 propria
1287 2505 1368 2529 nuper
1386 2497 1590 2522 elucidaverunt.
1627 2497 1728 2521 Utiliter
1750 2500 1881 2528 praeterea
1908 2495 2100 2519 adhibebuntur

450 2548 515 2570 qua-e
534 2540 563 2563 ‹lr¹
583 2541 670 2571 spatiis
689 2541 863 2572 episcoporum
883 2540 999 2572 exposuit
1015 2541 1178 2565 Duchcsuius
1198 2541 1345 2572 praesertim
1366 2540 1414 2564 vol.
1432 2539 1442 2564 l
1464 2549 1487 2572 p.
1501 2539 1668 2564 XVI—XXI.
1705 2540 1757 2563 Nos
1776 2539 1824 2564 hoc
1849 2538 1932 2563 solum
1952 2537 2026 2562 nobis
2044 2545 2100 2569 pro-

451 2583 581 2614 posuimus
601 2583 740 2614 explorare,
759 2584 913 2614 quibusnam
931 2584 1080 2608 auctoribus
1100 2584 1124 2608 in
1143 2584 1231 2608 ordine
1249 2584 1426 2616 episcoporum
1445 2583 1622 2608 constituendo
1641 2583 1780 2615 spatiisque
1806 2582 2000 2614 episcopatuum
2018 2580 2100 2605 deter-

452 2626 577 2649 minandis
598 2626 611 2649 ii
628 2627 665 2649 usi
685 2627 735 2650 sint
753 2627 796 2658 qui
811 2627 986 2651 l’·›ntif1cale1n
1007 2627 1100 2651 librum
1120 2628 1263 2651 formarunt
1281 2631 1306 2651 ct
1325 2628 1459 2651 formatum
1478 2630 1687 2658 recognoverunt.
1762 2624 1782 2657 ²)
1801 2625 1883 2649 Etiam
1897 2624 1995 2648 Graece
2013 2622 2100 2655 scripti

450 2669 623 2700 opiscoporum
645 2670 812 2693 itsnnmiorum
832 2670 953 2701 catalogi,
978 2670 1073 2694 scilicet
1093 2671 1136 2702 qui
1158 2671 1209 2694 sint
1229 2670 1316 2701 scripti
1341 2674 1396 2702 post
1420 2669 1628 2698 Constantinum,
1654 2669 1763 2699 itemque
1784 2667 1871 2699 scripti
1898 2666 1988 2698 lingua
2014 2665 2101 2697 aliqua

451 2712 573 2735 (trientali
589 2720 618 2735 ex
632 2712 718 2735 cmlcm
733 2712 856 2736 laterculo
869 2713 966 2743 urigine
978 2713 1075 2737 urbano
1090 2712 1215 2744 proficisci
1228 2713 1347 2736 videntur
1360 2713 1547 2744 admittuntque
1560 2712 1620 2736 licet
1632 2719 1682 2735 nou
1696 2718 1782 2735 omnes
1795 2709 1904 2734 Felicem
1918 2710 1942 2733 ΙΙ
1955 2708 1998 2739 (cs.
2011 2708 2100 2740 Light-

453 2756 502 2777 sumt
523 2754 536 2778 Ι,
552 2764 572 2778 c.
594 2763 614 2785 p.
630 2754 680 2778 240
692 2763 743 2785 seq.
763 2754 811 2778 :114
825 2764 876 2786 seq.
896 2754 965 2785 322).
1002 2756 1050 2779 Sed
1069 2764 1127 2780 cum
1147 2763 1245 2779 menses
1264 2763 1321 2779 raro
1341 2755 1461 2785 habeant,
1486 2755 1539 2779 dies
1558 2762 1656 2786 semper
1675 2753 1798 2782 omittant,
1822 2752 1869 2776 hoc
1888 2751 1943 2776 loco
1963 2754 2100 2783 potuerunt

452 2798 541 2820 nmini.
594 2811 598 2812 ν
630 2798 789 2821 l'icturarum
813 2799 907 2822 indices
932 2798 1055 2823 ecclesiae
1079 2799 1195 2823 urbanae
1218 2799 1299 2822 sancti
1317 2798 1392 2822 Pauli
1415 2797 1457 2828 (ci'.
1472 2798 1608 2821 Duchesne
1628 2796 1705 2821 v01.1
1730 2804 1754 2827 p.
1768 2795 1839 2819 XXV
1849 2803 1901 2826 seq.
1925 2794 2021 2818 LXXX
2031 2801 2099 2825 seq.;

453 2841 581 2871 Lightt'nut
602 2841 616 2864 l.
630 2850 651 2865 c.
672 2841 769 2872 12:515)
788 2850 803 2864 n
823 2841 894 2865 nobis
915 2842 1083 2872 praetermissi
1103 2846 1163 2866 sunt
1184 2846 1284 2873 propter
1302 2849 1407 2866 eausam
1428 2841 1495 2865 infra
1512 2840 1664 2872 expositam.
