2245 3213
422 213 507 239 CXVI
1107 205 1388 232 PROLEGOMENA.

583 298 648 336 129,
666 309 677 327 3
700 295 880 326 Vitalianus
904 293 1059 333 magister
1087 291 1223 322 militum
1239 291 1280 330 F,
1304 290 1338 321 id
1360 290 1443 329 quod
1465 290 1631 329 confirmat
1659 290 1769 322 relatio
1797 301 1826 323 a.
1844 291 1906 321 519
1930 291 2010 331 Apr.
2028 293 2070 323 24

731 347 774 377 ad
798 344 1001 376 Hormisdam
1025 344 1122 374 missa
1139 342 1262 383 (Tliiele
1280 342 1296 373 l
1316 352 1349 381 p.
1367 343 1462 382 859):
1486 342 1638 373 sublimes
1663 346 1695 373 et
1718 342 1880 384 magnifici
1904 343 1962 374 viri
1979 343 2071 376 nobis

735 400 958 435 occurrerunt,
982 396 1065 426 inter
1089 405 1169 437 quos
1193 397 1266 425 sunt
1293 394 1448 435 magister
1470 394 1605 424 militum
1621 394 1817 434 Vitalianus,
1842 395 2015 437 Pompeius
2039 398 2072 426 et

734 450 943 481 Iustiniauus:
967 448 1003 479 in
1019 446 1205 486 Pontificali
1225 446 1308 486 quod
1323 445 1436 486 leyitur
1453 445 1631 477 Vitalianus
1655 446 1775 486 consul,
1799 456 1886 477 error
1908 449 1953 477 est
1974 447 2071 478 homi-

733 502 785 533 nis
807 511 870 532 ‘non
896 501 1000 540 iynari
1021 500 1187 539 fastorum,
1210 509 1285 529 nam
1307 498 1409 537 fasces
1431 499 1570 537 suscepit
1591 498 1773 529 Vitalianus
1795 509 1825 530 a.
1844 499 1915 529 520.

526 557 594 587 Iam
618 558 789 597 postquam
820 553 1051 595 explicavimus
1082 552 1294 593 epitomarum
1325 551 1475 589 virtutes,
1509 549 1793 581 demonstrandum
1816 553 1932 589 restat,
1956 550 2070 592 quibus

423 610 532 640 naevis
556 608 705 639 laborent
738 610 803 636 tam
835 605 950 636 ambae
982 604 1220 635 consentientes
1244 613 1339 644 quam
1364 603 1467 633 altera
1489 606 1570 633 utra.
1627 602 1715 633 Vitia
1738 602 1864 644 utrique
1889 603 2071 633 communia

422 660 593 692 referenda
618 659 746 690 omnino
771 657 813 688 ad
837 657 1012 698 epitomam
1037 655 1242 697 ampliorem,
1267 654 1352 685 unde
1383 658 1552 696 utramque
1582 657 1770 695 excerptam
1802 664 1872 684 esse
1896 664 1991 696 supra
2014 654 2071 685 de—

422 712 679 749 monstravimus,
704 720 809 752 neque
834 709 934 739 multa
958 711 1031 738 sunt
1054 717 1160 748 neque
1185 707 1306 748 gravia.

623 765 652 801 2,
671 776 694 793 ιο
718 761 862 802 (Petrus)
887 760 1012 801 scripsit
1036 758 1115 789 duas
1133 758 1287 800 epistulas
1305 768 1386 799 quae
1404 757 1580 789 catholicae
1597 755 1812 800 nominantur]
1837 757 1882 788 sie
1905 757 1978 788 libri
2000 757 2073 788 boni

733 824 836 845 omnes
860 811 1050 843 recensionis
1066 810 1190 849 plenae,
1215 810 1389 840 canonicae
1408 819 1470 848 pro
1493 809 1671 840 catholicae
1689 809 1759 840 FK
1777 819 1847 840 eum
1870 809 2074 840 deterioribus

736 865 847 895 elassis
868 864 995 903 primae
1023 863 1202 901 tertiaeque.
1258 861 1354 892 Redit
1383 861 1432 898 id,
1463 863 1498 892 ut
1520 861 1643 892 monuit
1665 860 1886 898 Harnackius,
1909 861 1953 891 ad
1980 871 2074 891 usum

733 916 879 956 loquendi
903 924 1094 946 communem
1116 914 1181 952 fere
1203 913 1410 952 scriptoribus
1425 912 1642 944 ecelesiasticis
1661 912 1846 950 Occidentis,
1869 915 1906 943 ut
1928 912 2074 943 similiter

735 968 867 999 Eusebii
889 967 981 998 verba
1003 966 1032 997 h.
1054 965 1122 997 eccl.
1140 968 1169 1002 3,
1186 968 1206 994 3
1229 962 1295 997 οὐδ’
1319 962 1402 1003 ὅλως
1425 963 1457 996 ἐν
1480 964 1678 1002 καθολικαῖς
1701 962 1795 1006 ἴσμεν
1823 963 2074 1006 παραδεδομένα

739 1021 801 1051 iam
833 1019 975 1058 Rufinus
1004 1018 1107 1049 reddit
1135 1018 1198 1048 sie:
1226 1018 1258 1048 in
1286 1017 1447 1059 scripturis
1479 1027 1608 1059 prorsus
1640 1017 1799 1047 canonicis
1832 1027 1897 1047 non
1928 1016 2074 1048 habetur.

734 1072 802 1103 Hoc
826 1071 888 1103 loeo
911 1071 1010 1110 iyitur
1032 1070 1217 1109 epitomator
1239 1080 1303 1100 non
1326 1069 1459 1100 codicem
1481 1069 1642 1108 eoepressit,
1666 1069 1720 1099 sed
1741 1068 1794 1099 sut
1815 1069 1884 1099 aevi
1907 1069 2075 1099 terminum

736 1124 854 1155 tradito
888 1122 1066 1159 substituit,
1101 1122 1136 1152 id
1168 1121 1251 1161 quod
1277 1121 1350 1152 ‘item
1381 1120 1525 1162 fecerunt
1556 1120 1698 1152 codicum
1730 1119 1855 1151 illorum
1889 1120 2076 1152 deteriorum

731 1176 906 1215 scriptores.

621 1232 650 1267 4,
667 1241 677 1259 τ
702 1229 792 1258 iuxta
815 1224 1021 1268 territurium]
1047 1225 1078 1256 P
1097 1236 1168 1256 eum
1192 1225 1391 1265 Hieronymo,
1408 1225 1439 1255 in
1457 1225 1615 1256 territurio
1634 1225 1715 1255 FK:
1731 1224 1961 1263 epitomatorem
1978 1223 2075 1262 offen-

729 1280 776 1310 dit
799 1281 890 1310 iuxta
912 1277 1097 1309 vocabulum
1120 1277 1167 1308 bis
1190 1277 1356 1316 repetitum

623 1335 650 1368 5,
670 1345 681 1363 a
704 1331 786 1373 rufo]
812 1331 844 1362 P
863 1342 934 1362 cum
960 1330 1061 1360 indice
1084 1328 1263 1365 Liber-viano,
1287 1328 1390 1359 rufino
1422 1328 1492 1359 FK

602 1391 652 1428 20,
669 1401 680 1419 a
705 1386 869 1429 saturnini]
894 1387 925 1418 P
946 1398 1018 1417 eum
1045 1386 1148 1417 indice
1176 1385 1360 1423 IA'beriano,
1392 1385 1545 1416 saturnini
1574 1385 1716 1416 antonini
1733 1384 1773 1424 F,
1802 1383 1944 1415 antonini
1961 1383 1998 1414 K
2004 1395 2010 1419 ;
2044 1383 2078 1414 in

1206 1428 1305 1448 antonini

731 1457 897 1496 archetypo
920 1455 1078 1487 communi
1100 1455 1165 1494 fuit
1188 1455 1343 1486 saturnini

604 1516 654 1553 28,
675 1527 681 1544 1
708 1524 749 1544 ex
772 1516 864 1555 patre
890 1512 1010 1543 castino
1036 1522 1092 1542 om.
1110 1511 1182 1542 FK

603 1568 653 1605 36,
670 1579 681 1596 7
705 1565 920 1596 ordinationes
942 1563 1035 1595 solita
1058 1563 1160 1602 forma
1177 1562 1295 1593 relatae
1313 1563 1345 1593 in
1362 1562 1393 1592 P
1416 1562 1448 1593 in
1471 1561 1613 1602 epitomis
1635 1563 1802 1600 corruptae
1824 1563 1899 1591 sunt
1921 1560 1984 1591 sie:
2009 1560 2077 1602 epi-

734 1627 847 1658 scopos
871 1617 914 1647 uii
938 1626 997 1658 per
1019 1616 1090 1647 loca
1106 1615 1146 1655 F,
1177 1615 1346 1656 episcopos
1376 1614 1419 1645 uii
1440 1613 1476 1643 I(
1498 1613 1621 1644 omissis
1644 1612 1836 1652 presbyteris
1864 1615 1892 1643 et
1922 1612 2076 1649 diaconis,

734 1668 900 1709 archetypo
924 1668 1081 1699 communi
1103 1667 1158 1698 hoc
1181 1666 1244 1698 loeo
1267 1667 1377 1697 vitiato

602 1724 652 1761 43,
669 1733 680 1752 2
704 1721 874 1752 marcellus
899 1745 929 1751 ..
949 1746 955 1751 .
981 1730 1023 1750 ex
1046 1722 1138 1761 patre
1162 1717 1347 1760 benedicto]
1375 1717 1417 1757 P,
1447 1717 1617 1748 marcellus
1642 1743 1647 1748 .
1667 1741 1698 1748 ..
1723 1727 1765 1748 ex
1797 1719 1887 1758 patre
1919 1715 2071 1746 marcello

737 1773 771 1803 F
772 1773 807 1802 K
825 1783 928 1803 errore
950 1775 986 1803 ut
1009 1771 1133 1802 videtur

603 1827 653 1864 46,
669 1838 681 1856 s
705 1825 745 1856 ab
770 1823 896 1866 eodem]
920 1824 966 1855 sie
988 1823 1024 1855 cl.
1042 1824 1070 1861 I,
1095 1823 1135 1854 ab
1161 1822 1276 1854 eodem
1300 1822 1351 1853 die
1369 1821 1438 1853 FK
1457 1824 1485 1852 et
1507 1820 1630 1860 reliqui,
1650 1820 1742 1851 verba
1764 1819 1840 1850 haee
1856 1819 2078 1858 eumpertine-

736 1879 793 1907 ant
816 1877 859 1907 ad
882 1886 917 1906 ea
940 1886 1020 1915 quae
1036 1875 1241 1914 praecedunt,
1265 1874 1356 1913 facili
1387 1884 1490 1904 errore
1519 1872 1676 1904 trahentes
1698 1871 1741 1902 ad
1763 1872 1925 1910 sequentia

604 1931 655 1968 47,
672 1942 682 1959 ⁴
707 1929 737 1959 in
762 1932 869 1959 moute
887 1926 1039 1970 syraptin]
1056 1928 1102 1958 sie
1117 1926 1296 1958 similiterve
1312 1926 1385 1957 libri
1400 1925 1540 1956 meliores
1556 1924 1743 1955 recensionis
1752 1923 1875 1962 plenae,
1889 1923 1921 1953 in
1937 1925 2078 1952 montem

735 1985 881 2011 seracten
900 1980 969 2011 FK
988 1991 1058 2010 eum
1081 1979 1302 2010 deterioribus:
1326 1980 1401 2008 nota
1425 1977 1494 2018 fuit
1517 1979 1582 2007 tam
1605 1975 1802 2015 epitomatori
1825 1985 1920 2013 quam
1944 1974 2074 2005 deterio-

736 2043 807 2062 rum
831 2032 974 2062 librariis
997 2032 1102 2070 opinio
1120 2033 1231 2070 postea
1254 2033 1376 2069 recepta
1399 2030 1451 2069 aqi
1473 2029 1529 2059 hoe
1552 2027 1615 2058 loco
1638 2027 1675 2058 de
1698 2029 1799 2057 monte
1822 2026 1949 2057 Soracte

608 2086 657 2123 73,
675 2097 686 2115 2
712 2084 911 2125 temporibus
937 2083 1128 2114 constantini
1151 2080 1336 2124 nepotiano]
1359 2082 1405 2112 sic
1418 2080 1484 2123 (uel
1507 2084 1540 2111 et
1562 2080 1753 2121 nepotiano)
1769 2078 1898 2109 II-eum
1913 2077 1980 2108 ind.
1999 2077 2079 2114 Lib„

738 2136 931 2166 constantini
955 2139 987 2166 et
1011 2135 1175 2177 nepotiani
1194 2134 1264 2165 FK
1282 2144 1352 2164 cum
1376 2133 1398 2164 I

606 2190 655 2225 73,
673 2202 684 2218 2
708 2186 856 2229 facundo]
881 2187 1020 2218 fecundo
1038 2186 1109 2218 FK
1131 2197 1201 2217 cum
1228 2185 1263 2216 el.
1283 2185 1340 2216 II:
1363 2185 1413 2215 hie
1436 2194 1556 2223 quoque
1579 2192 1666 2213 error
1687 2181 1781 2221 facile
1804 2185 1869 2212 tam
1892 2182 1927 2211 in
1952 2179 2080 2211 illorum

735 2239 902 2280 archetypo
926 2239 1076 2269 committi
1097 2239 1201 2277 potuit
1223 2248 1318 2277 quam
1342 2237 1375 2267 in
1397 2236 1541 2275 principe
1565 2235 1642 2265 libro
1665 2233 1702 2266 el.
1720 2233 1761 2264 II

605 2294 655 2325 77,
673 2304 684 2323 s
709 2292 822 2333 eregit]
848 2291 903 2329 II,
932 2290 1096 2321 damnavit
1124 2289 1170 2320 vel
1193 2289 1427 2320 damnauerunt
1450 2288 1563 2318 substi-
1585 2294 1597 2403 δ
1619 2311 1740 2343 sublato
1754 2310 1956 2346 barbarismo,
1970 2308 2007 2339 de
2019 2318 2079 2347 quo

1663 2363 1746 2394 dixit
1764 2362 1925 2393 Traubius
1947 2361 1983 2391 in
1998 2359 2079 2390 actis

1661 2414 1789 2446 Monac.
1824 2413 1897 2444 mai.
1933 2411 1968 2443 cl.
2005 2411 2078 2442 hist.

1583 2420 1598 2541 s
1655 2466 1736 2506 phil.
1753 2465 1809 2496 vol.
1824 2466 1866 2496 21
1876 2474 1912 2503 p.
1926 2465 1998 2495 620.
2016 2462 2077 2493 695

737 2346 831 2373 tuum
850 2343 884 2373 F
884 2342 916 2372 K
935 2353 1006 2373 cum
1029 2342 1065 2373 cl.
1082 2342 1104 2372 I

606 2396 695 2434 78,14
721 2392 832 2436 eregit]
858 2393 899 2433 P,
929 2394 1024 2425 eiecit
1052 2393 1098 2424 vel
1126 2394 1290 2424 eiecerunt
1306 2391 1376 2422 FK
1398 2402 1469 2421 eum
1492 2389 1526 2421 el.
1546 2390 1568 2420 I

605 2448 697 2481 921⁵
722 2445 904 2488 eregerunt]
930 2445 966 2479 P.
992 2445 1198 2476 emendarunt
1220 2442 1452 2474 similiter-1⁴⁷1<

588 2501 656 2537 115,
674 2511 684 2529 τ
709 2498 823 2539 eregit]
848 2498 885 2536 P,
912 2498 1006 2528 eiecit
1022 2497 1063 2533 F,
1088 2497 1191 2534 deficit
1208 2496 1246 2526 K

430 2549 543 2590 Itaque
570 2554 729 2591 quatenus
754 2550 957 2581 consentiunt
975 2550 1148 2591 epitomae,
1173 2550 1204 2579 in
1221 2548 1359 2579 lectione
1378 2557 1487 2577 earum
1505 2555 1609 2586 neque
1632 2543 1797 2585 graviores
1815 2541 2080 2583 interpolationes

431 2601 716 2642 deprehenduntur
746 2612 850 2643 neque
880 2602 1165 2643 praevaricationis
1197 2611 1268 2631 cum
1298 2598 1493 2630 recensionis
1522 2597 1637 2639 plenae
1667 2595 1768 2626 classe
1804 2594 1906 2624 altera
1935 2595 2007 2622 utra
2030 2591 2078 2622 in-

431 2652 522 2683 dicia.
547 2671 589 2674 —
612 2653 655 2683 At
679 2654 852 2694 separatim
877 2653 931 2684 ubi
956 2663 1011 2684 eas
1036 2653 1269 2690 examinamus,
1294 2651 1388 2682 aliter
1410 2648 1615 2680 iudicandum
1640 2650 1701 2678 est.

535 2704 753 2735 Cononianam
784 2706 947 2746 epitomen
976 2715 1072 2746 supra
1100 2715 1131 2746 p.
1147 2704 1257 2735 XCIV
1282 2701 1479 2734 ostendimus
1508 2710 1571 2730 non
1599 2699 1702 2729 solum
1724 2697 1755 2728 in
1785 2698 1875 2738 parte
1900 2694 2079 2736 posteriore

432 2755 573 2797 pendere
603 2766 643 2786 ox
667 2757 767 2787 classe
794 2757 963 2797 plenorum
987 2757 1141 2787 librorum
1158 2756 1264 2794 tertia,
1282 2755 1403 2786 scilicet
1421 2752 1717 2789 contaminatorum,
1735 2748 1793 2779 sed
1817 2748 1913 2778 etiam
1936 2747 1968 2777 in
1983 2748 2076 2787 parte

432 2808 536 2848 priore
576 2808 642 2837 eius
671 2809 900 2839 communionis
937 2819 1008 2839 rara
1041 2808 1181 2850 quidem,
1207 2807 1264 2838 sed
1290 2811 1397 2838 tamen
1422 2805 1529 2846 aliqua
1552 2802 1690 2843 vestigia
1712 2800 1855 2842 reperiri.
1901 2798 2078 2828 Praeterea

432 2859 530 2889 habet
555 2860 584 2889 in
609 2866 699 2900 parte
725 2860 783 2889 liae
807 2860 1072 2902 interpolationes
1097 2860 1251 2901 quasdam
1277 2859 1353 2890 alibi
1377 2868 1440 2888 non
1464 2857 1626 2887 inventas:
