2245 3213
264 258 404 288 XXVII.

248 310 404 341 XXVIII.

228 362 402 392 XXVIIII.

299 413 404 444 XXX.

279 517 402 548 XXXI.

261 568 400 598 XXXII.

247 620 395 652 XXXIII

226 672 401 703 XXXIIII.

264 724 403 755 XXXV.

247 775 401 806 XXXVI.

231 828 402 858 XXXVII.

212 879 402 910 XXXVIII.

196 931 402 962 XXXVIIII.

336 983 404 1013 XL.

317 1034 403 1065 XLI.

298 1086 401 1117 XLII.

283 1138 403 1169 XLIII.

265 1190 402 1222 XLIIII.

302 1294 402 1325 XLV.

286 1346 401 1377 XLVI.

267 1450 401 1481 XLVII.

249 1553 399 1584 XLVIII.

231 1606 336 1636 XLVI
345 1606 401 1636 III.

366 1657 401 1688 L.

350 1709 402 1740 LI.

331 1761 401 1791 LII.

315 1865 401 1896 LIII.

301 1916 405 1947 LIIII.

336 1968 403 1998 LV.

316 2072 400 2102 LVI.

300 2124 370 2154 LVI
380 2124 400 2154 I.

285 2176 403 2206 LVIII.

267 2227 374 2257 LVIII
381 2228 401 2257 I.

333 2279 402 2310 LX.

319 2331 404 2362 LXI.

300 2434 401 2464 LXII.

283 2485 340 2515 LX
349 2485 403 2515 III.

266 2537 339 2567 LXI
349 2537 403 2568 III.

304 2588 403 2619 LXV.

287 2640 403 2671 LXVI.

272 2743 407 2774 LXVII.

253 2795 405 2825 LXVIII.

852 173 1131 199 PROLEGOMENA.
1744 175 1818 200 LXV

428 257 523 289 Felix
546 258 573 288 I:
599 259 630 288 in
655 259 820 299 cymiterio
844 270 901 290 suo
925 259 976 290 via
1001 259 1134 290 Aurelia
1157 260 1221 290 mil.
1238 259 1271 290 II
1289 259 1363 299 FK,
1385 259 1531 290 similiter
1548 260 1584 292 P.

429 310 661 351 Eutychianns:
687 311 718 341 in
743 312 907 352 cymiterio
933 311 1056 342 Callisti
1080 312 1131 342 via
1155 311 1273 353 Appia.

428 361 542 392 Gaius:
567 363 598 392 in
622 363 787 403 cymiterio
814 363 936 394 Callisti
960 364 1011 394 via
1034 364 1151 405 Appia.

429 413 643 444 Marcellinus:
678 414 710 444 in
746 415 797 445 via
828 414 952 445 Salaria
984 415 1015 445 in
1049 415 1214 456 cymiterio
1245 415 1410 446 Priscillae
1442 416 1472 445 in
1504 416 1683 446 cubiculum
1709 419 1761 445 crs.
1789 417 1818 446 in

427 468 538 506 crypta
562 465 652 495 iuxta
676 476 789 507 corpus
814 466 914 496 sancti
939 465 1184 496 Crescentionis.

428 516 611 547 Marcellus:
637 517 666 547 in
692 518 857 558 cymiterio
882 517 1047 548 Priscillae
1072 517 1124 547 via
1148 516 1280 547 Salaria.

426 567 597 598 Eusebius:
625 568 656 598 in
680 569 845 609 cymiterio
872 568 994 599 Callisti
1019 569 1065 608 (in
1090 571 1201 609 crypta
1225 567 1298 597 add.
1317 568 1396 605 III)
1420 569 1472 598 via
1495 568 1611 610 Appia..

430 619 604 650 Miltiades:
630 620 661 650 in
685 620 850 661 cymiterio
878 620 1000 650 Callisti
1024 620 1075 650 via
1098 619 1205 661 Appia
1230 619 1273 658 (in
1298 623 1410 660 crypta
1435 620 1508 651 add.
1526 621 1613 657 ΙΙΙ).

427 671 592 702 silvester:
618 672 648 702 in
673 673 837 713 cymiterio
862 672 1027 702 Priscillae
1052 672 1104 702 via
1128 671 1251 701 Salaria
1276 671 1315 702 ab
1340 671 1419 702 urbe
1444 672 1547 702 Roma
1572 673 1633 702 mil.
1654 673 1710 702 III.

427 723 567 754 Marcus:
594 724 624 754 in
648 724 814 765 cymiterio
839 723 995 754 Balbinae
1020 723 1071 753 via
1095 722 1282 753 Ardeatina.

426 775 524 805 Iulius
548 775 575 805 I:
601 776 651 806 via
675 775 807 806 Aurelia
831 776 861 805 in
886 775 1050 816 cymiterio
1076 774 1245 816 Calepodii
1267 775 1331 805 mil.
1350 775 1409 806 III.

427 827 589 858 Liberius:
616 828 665 857 via
689 827 813 857 Salaria
836 827 867 857 in
893 828 1057 868 cymiterio
1086 827 1260 858 Priscillae.

427 879 521 909 Felix
545 878 590 909 H:
618 879 648 909 in
672 879 804 909 basilica
828 879 895 909 eius
920 879 971 908 via
995 878 1127 909 Aurelia
1153 879 1230 919 (mil.
1249 878 1281 908 II
1306 878 1378 909 (cM.
1397 878 1441 908 II.
1461 878 1551 911 ΙΙΙ).

427 931 600 961 Damasus:
626 931 677 961 via
694 930 873 961 Ardeatina
896 931 926 960 in
948 931 1080 961 basilica
1097 941 1153 961 sua
1176 931 1266 961 iuxta
1291 933 1426 961 matrem
1451 940 1540 960 suam
1566 934 1598 960 et
1621 940 1818 971 germanam.

432 983 577 1013 Siricius:
603 983 634 1013 in
659 982 823 1024 cymiterio
848 982 1014 1013 Priscillae
1039 983 1090 1013 via
1115 982 1249 1013 Salaria.

427 1034 616 1065 Anastasius
639 1035 668 1065 I:
694 1035 724 1065 in
749 1035 915 1075 cymiterio
940 1045 995 1065 suo
1021 1034 1061 1065 ad
1086 1034 1202 1065 Ursum
1227 1034 1391 1075 pileatum.

426 1086 630 1117 Innocentius
654 1086 682 1117 I:
708 1087 739 1116 in
764 1086 927 1127 cymiterio
952 1089 1024 1125 (om.
1042 1086 1116 1117 FK.
1135 1087 1209 1120 ΙΙΙ)
1240 1085 1281 1116 ad
1305 1085 1420 1116 Ursum
1446 1086 1611 1127 pileatum.

428 1138 587 1169 Zosimus:
611 1139 662 1168 via
686 1138 854 1169 Tiburtina
877 1139 967 1168 iuxta
991 1149 1105 1179 corpus
1128 1138 1215 1169 beati
1240 1138 1404 1168 Laurentii
1428 1137 1586 1178 martyris.

426 1189 604 1220 Bonifatius
628 1190 659 1220 I:
692 1190 723 1220 in
755 1190 921 1231 cymiterio
957 1194 1087 1221 sanctae
1119 1190 1294 1220 Felicitatis
1331 1189 1479 1230 martyris
1509 1189 1560 1219 via
1594 1188 1718 1218 Salaria
1744 1186 1815 1217 Fls.

427 1242 498 1280 ΙΙΙ,
522 1242 573 1272 via
598 1241 721 1272 Salaria
744 1242 833 1272 iuxta
857 1252 971 1283 eorpus
995 1245 1125 1272 sanctae
1151 1242 1330 1272 Felicitatis
1353 1241 1501 1282 martyris
1518 1241 1546 1272 I.
1563 1240 1611 1271 II.

428 1293 645 1324 Caelestinus:
671 1293 702 1324 in
726 1294 890 1335 cymiterio
914 1294 1079 1324 Priscillae
1103 1294 1154 1324 via
1179 1293 1314 1324 Salaria.

427 1346 547 1387 Xystus
570 1345 635 1375 III:
659 1346 710 1376 via
727 1345 894 1376 Tiburtina
918 1346 949 1376 in
973 1349 1086 1387 crypta
1111 1345 1152 1376 ad
1171 1348 1315 1376 sanctum
1332 1345 1540 1375 Laurentium
1558 1343 1617 1384 (sic
1633 1342 1706 1375 FK,
1731 1342 1820 1372 iuxta

429 1408 543 1439 corpus
566 1397 654 1428 beati
677 1397 831 1428 Laurenti
848 1397 905 1437 P).

426 1449 493 1480 Leo
518 1449 546 1480 I:
583 1449 614 1479 in
644 1449 778 1479 basilica
808 1449 895 1479 beati
925 1449 1013 1480 Petri
1034 1449 1115 1485 FK.
1152 1449 1238 1491 apud
1268 1449 1400 1479 beatum
1429 1448 1560 1478 Petrum
1594 1446 1773 1488 apostolum
1794 1444 1823 1475 P

426 1501 520 1540 (cm),
545 1500 631 1542 apud
654 1501 819 1531 basilicam
844 1501 931 1531 beati
955 1501 1043 1532 Petri
1071 1502 1208 1542 apostoli
1229 1500 1336 1532 0³E1.

424 1553 568 1584 Hilarus:
587 1553 627 1583 ad
645 1556 787 1584 sanctum
805 1553 1014 1584 Laurentium
1032 1554 1063 1584 in
1083 1557 1196 1595 crypta
1213 1554 1302 1584 iuxta
1320 1563 1434 1594 corpus
1451 1551 1538 1582 beati
1557 1550 1698 1592 episcopi
1716 1549 1818 1590 Xysti.

427 1605 622 1647 Simplicius:
648 1605 688 1636 ad
712 1605 842 1636 beatum
861 1605 991 1636 Petrum
1013 1605 1071 1639 (sic
1088 1605 1162 1641 FK,
1187 1606 1218 1636 in
1236 1605 1368 1635 basilica
1391 1604 1479 1635 bcati
1497 1603 1584 1634 Petri
1609 1601 1746 1643 apostoli
1767 1600 1818 1639 P).

426 1657 519 1688 Felix
536 1657 597 1687 III:
623 1657 708 1698 apud
726 1657 858 1687 beatum
877 1657 1013 1687 Paulum
1032 1658 1090 1693 (sic
1106 1657 1180 1689 ΓΚ,
1198 1658 1229 1687 in
1247 1657 1378 1687 basilica
1396 1656 1482 1687 beati
1501 1655 1591 1685 Pauli
1609 1654 1745 1695 apostoli
1764 1652 1817 1691 P).

431 1708 592 1740 Gelasius:
617 1709 703 1750 apud
727 1709 858 1739 beatum
884 1708 1015 1739 Petrum
1031 1709 1104 1747 Fls,
1130 1709 1160 1739 in
1185 1709 1317 1739 basilica
1341 1708 1430 1739 beati
1454 1707 1543 1738 Petri
1568 1706 1705 1747 apostoli
1723 1704 1759 1734 P.

426 1760 615 1791 Anastasius
638 1761 683 1791 II:
717 1760 801 1802 apud
835 1761 965 1791 beatum
992 1761 1122 1791 Petrum
1146 1761 1178 1791 in
1194 1760 1386 1791 Vaticanum
1404 1759 1487 1796 FK.
1517 1759 1547 1789 in
1578 1758 1710 1789 basilica
1731 1757 1818 1787 beati

426 1813 513 1843 Petri
537 1813 673 1854 apostoli
692 1812 727 1843 P.

427 1865 652 1906 Symmachus:
679 1865 764 1906 apud
788 1865 919 1895 beatum
944 1865 1074 1895 Petrum
1093 1865 1167 1901 FK.
1192 1865 1223 1895 in
1246 1864 1378 1895 basilica
1403 1863 1489 1894 beati
1512 1862 1600 1893 Petri
1625 1860 1762 1902 apostoli
1781 1859 1819 1889 Γ.

430 1916 633 1947 Hormisdas:
666 1916 751 1958 apud
777 1917 906 1947 beatum
932 1917 1063 1947 Petrum
1080 1916 1159 1951 FK,
1192 1917 1222 1946 in
1247 1916 1379 1946 basilica
1402 1915 1489 1946 beati
1514 1914 1602 1945 Petri
1626 1912 1762 1954 apostoli
1782 1911 1818 1943 Γ.

429 1969 588 1999 Iohannes
606 1968 635 1998 I:
662 1979 776 2010 corpus
794 1969 981 1999 translatum
1007 1968 1046 1999 de
1065 1968 1221 1998 Ravenna
1247 1972 1278 1998 et
1295 1968 1440 2009 sepultus
1457 1970 1506 1997 est
1529 1966 1559 1996 in
1576 1965 1707 1995 basilica
1731 1963 1818 1994 beati

428 2020 515 2051 Petri
539 2020 688 2061 apostoli.

426 2072 519 2102 Felix
543 2072 622 2102 IIII:
648 2073 679 2102 in
703 2071 836 2102 basilica
860 2072 947 2102 beati
972 2071 1059 2102 Petri
1084 2071 1231 2112 apostoli.

427 2123 604 2154 Bonifatius
628 2124 673 2154 II:
698 2124 729 2154 in
753 2124 885 2154 basilica
909 2123 996 2154 beati
1022 2123 1109 2153 Petri
1134 2124 1280 2164 apostoli.

428 2176 587 2206 Iohannes
612 2176 656 2206 II:
683 2176 713 2205 in
738 2175 869 2206 basilica
893 2175 980 2206 beati
1005 2175 1093 2205 Petri
1118 2175 1264 2216 apostoli.

427 2227 596 2268 Agapitus:
623 2227 811 2257 translatum
835 2228 865 2257 in
891 2227 1056 2257 basilicam
1082 2227 1169 2257 beati
1194 2226 1282 2257 Petri
1309 2226 1455 2268 apostoli.

428 2279 593 2309 Silverius:
619 2279 761 2320 sepultus
786 2279 816 2309 in
841 2278 957 2309 eodem
982 2279 1051 2309 loco
1076 2279 1122 2319 (in
1147 2278 1293 2313 Pontiis).

428 2330 579 2371 Vigilius:
605 2341 718 2372 corpus
743 2330 855 2361 ductus
881 2334 928 2361 est
952 2330 1105 2367 Romam,
1131 2331 1275 2372 sepultus
1307 2330 1346 2360 ad
1376 2333 1520 2360 sanctum
1551 2328 1737 2359 Marcellum
1768 2326 1819 2355 via

429 2382 552 2412 Salaria
578 2383 621 2422 (in
646 2383 810 2423 cymiterio
836 2382 1002 2412 Priscillae
1026 2382 1098 2413 add.
1117 2382 1192 2417 Es).

429 2434 578 2474 Pelagius
604 2434 631 2464 I:
657 2435 688 2464 in
711 2434 843 2464 basilica
867 2434 955 2464 beati
980 2434 1067 2464 Petri
1091 2434 1240 2475 apostoli.

432 2485 588 2515 Iohannes
612 2485 675 2515 III:
701 2486 732 2516 in
756 2485 889 2515 basilica
913 2485 1000 2516 beati
1026 2485 1112 2515 Petri
1136 2486 1287 2526 apostoli.

429 2536 623 2567 Benedictus
647 2537 692 2566 II:
717 2537 747 2567 in
772 2537 903 2567 basilica
927 2537 1015 2568 beati
1039 2537 1127 2567 Petri
1152 2537 1289 2577 apostoli
1314 2537 1345 2566 in
1369 2536 1588 2567 secretarium.

430 2588 582 2628 Pelagius
606 2588 652 2618 lI:
679 2587 719 2618 ad
743 2588 873 2618 beatum
898 2588 1029 2618 Petrum
1055 2588 1244 2629 apostolum.

429 2640 602 2681 Gregorius
626 2640 653 2670 I:
686 2640 717 2670 in
741 2639 872 2670 basilica
895 2640 983 2670 beati
1008 2639 1094 2670 Petri
1127 2640 1264 2680 apostoli
1296 2639 1349 2677 (ad
1374 2639 1503 2669 boatum
1529 2638 1660 2669 Petrum
1686 2640 1815 2678 aposto-

428 2692 492 2722 lum
515 2692 531 2721 I
537 2691 548 2727 l
573 2694 646 2721 ante
672 2691 887 2722 secretarium.

431 2743 636 2774 Sabinianus:
662 2743 692 2773 in
718 2743 855 2773 ecclesia
879 2742 967 2773 beati
990 2742 1079 2773 Petri
1103 2742 1250 2783 apostoli.

431 2794 610 2825 Bonifatius
635 2795 697 2825 III:
723 2795 754 2824 in
780 2795 915 2825 ecclesia
938 2795 1025 2825 beati
1050 2794 1139 2824 Pctri
1163 2794 1310 2835 apostoli.

274 2863 347 2881 LIBER
366 2862 536 2880 PONTIFICALIS
555 2863 570 2881 1.
