2245 3213
740 307 758 332 Ι-
762 307 767 313 ’
771 306 822 332 12¹1,
826 307 841 331 1
845 306 964 332 (ἾΑΧΑ

453 575 511 605 llic
537 574 716 607 constituit,
747 576 781 603 ut
809 572 965 603 monacha
997 582 1057 602 non
1087 571 1245 612 acceperit

451 626 616 656 velaminis
639 625 751 666 capitis
769 623 1005 661 bencdictione,
1030 623 1087 653 nisi
1112 622 1246 664 probata

452 678 545 708 suerit
571 678 601 707 in
626 677 807 718 virginitate
832 675 891 706 LX
916 685 1080 706 annorum.

451 849 602 890 Sepultus
627 852 675 878 est
699 848 728 878 in
755 847 885 878 basilica
911 846 998 877 beati
1022 846 1110 876 Petri
1134 845 1183 875 ΙΙΙ
1208 844 1249 875 id.

453 901 556 942 April.
603 899 751 931 Cessavit
775 899 980 940 episcopatus
1006 897 1073 928 dics
1090 897 1162 927 VII.

497 996 600 1017 xrvru.
625 985 777 1023 Hiranvs,
802 985 931 1015 natione
951 983 1081 1021 Sardus,
1100 993 1141 1014 ex
1158 985 1249 1024 patre

453 1037 663 1079 Crispiniano,
682 1036 764 1067 sedit
782 1047 852 1067 ann.
868 1036 914 1066 VI
931 1046 1034 1066 mens.
1052 1034 1101 1065 III
1127 1034 1195 1064 dies
1209 1033 1248 1064 X.

451 1098 513 1129 Hic
548 1098 624 1128 fecit
662 1096 858 1127 decretalem
900 1100 932 1127 et
972 1106 1030 1138 per
1070 1095 1248 1126 universam

455 1150 620 1180 Orientem
639 1149 765 1187 direxit,
783 1152 815 1179 et
831 1148 983 1189 epistolas
1002 1147 1041 1177 de
1059 1146 1120 1177 fide
1139 1146 1247 1176 catho-

452 1202 522 1232 lica.

453 1468 515 1499 Hic
538 1468 615 1499 fecit
639 1466 839 1498 ordinatione
862 1466 879 1496 I

453 1540 511 1571 per
534 1538 634 1559 mens.
658 1526 827 1565 Decemb.7

453 1589 559 1631 presb.
570 1588 643 1627 XV,
656 1587 796 1626 ‹lianL
811 1587 979 1628 episcopos
991 1596 1049 1626 per
1062 1586 1132 1616 loca
1142 1584 1250 1615 XXII.

456 1641 608 1682 Sepultus
632 1643 680 1671 est
704 1639 745 1670 ad
770 1642 915 1670 sanctum
938 1637 1160 1676 Laurentium,

452 1754 483 1784 in
508 1753 617 1794 cripta,

455 1815 543 1844 iuxta
579 1822 693 1854 corpus
723 1811 812 1842 beati
846 1810 951 1851 Xysti.
1012 1809 1158 1840 Cessavit
1183 1808 1250 1850 cpi-

454 1868 605 1907 scopatus
630 1863 698 1894 dies
720 1862 761 1894 X.

496 1960 611 1981 xrvun.
636 1949 819 1988 Smmmvs,
838 1948 967 1978 natione
985 1947 1191 1988 Tyburtinus,
1211 1957 1251 1977 ex

454 2005 545 2043 patre
571 2000 712 2039 Castino,
737 1999 821 2031 sedit
845 2010 915 2030 ann.
932 1998 996 2029 XV
1020 2009 1120 2030 mens⁴
1144 1998 1160 2028 I
1185 1997 1252 2028 dies

456 2053 530 2084 ΥΙΙ.
588 2052 652 2083 Hie
687 2052 849 2083 constituit
881 2051 922 2082 ad
953 2054 1097 2081 sanctum
1122 2050 1252 2080 Petrum

458 2111 490 2136 et
513 2104 554 2135 ad
570 2108 713 2135 sanctum
732 2103 868 2134 Paulum
894 2106 926 2133 et
948 2102 989 2133 ad
1005 2105 1148 2133 sanetum
1165 2101 1251 2131 Lau-

456 2156 593 2187 rentium
611 2155 819 2193 ebdomadas,
843 2158 877 2185 ut
899 2154 1069 2196 presbiteri
1085 2156 1253 2184 manerent

458 2212 590 2249 propter
614 2207 810 2249 baptismum
835 2210 867 2237 et
883 2206 1096 2248 penitentiam
1113 2205 1252 2247 petenti-

457 2260 528 2290 bus:
562 2259 601 2290 de
633 2259 765 2300 regione
795 2259 898 2300 prima
927 2257 968 2288 ad
1000 2261 1144 2288 sanctum
1169 2256 1253 2287 Pau-

457 2312 536 2349 lum,
567 2310 606 2341 de
637 2311 770 2352 regione
797 2310 846 2340 111
871 2309 912 2340 ad
940 2312 1084 2340 sanctum
1108 2308 1253 2339 Lauren-

459 2364 546 2401 tium,
572 2362 612 2393 de
637 2363 768 2403 regione
790 2361 854 2392 VII
877 2361 919 2392 ad
942 2364 1086 2392 sanetum
1111 2360 1253 2391 Petrum.

461 2431 564 2462 Huius
589 2431 811 2472 episcopatum
835 2431 923 2461 venit
946 2431 1058 2461 relatio
1084 2429 1124 2460 dc
1142 2429 1254 2460 Gretia

458 2483 498 2513 ab
523 2482 648 2513 Acatio.
674 2482 727 2523 qui
751 2482 809 2513 fuit
833 2483 1002 2524 episeopus
1028 2481 1253 2512 Constantino-

460 2535 630 2575 politanus,
656 2537 687 2565 ct
712 2533 903 2564 adfirmabat
920 2533 1016 2564 Petro
1033 2532 1254 2564 Alexandrino

459 2586 648 2616 Euthiciano
665 2585 822 2617 heretico:
840 2585 925 2616 faeta
942 2585 1097 2627 petitione
1115 2585 1155 2615 ab
1169 2584 1254 2616 Aca—
1280 2611 1281 2617 ,

459 2638 502 2668 tio
536 2638 632 2668 venit.
689 2636 778 2668 Tunc
814 2637 873 2667 fuit
909 2637 1047 2668 eeclesia
1079 2647 1255 2678 exequens.

459 2689 548 2719 Tune
585 2688 777 2730 Syrnplieius
812 2689 920 2729 presul
959 2688 1123 2719 damnavit
1157 2688 1254 2719 Petro

460 2740 690 2778 Alexandrino,
716 2739 755 2770 de
780 2750 841 2781 quo
859 2740 991 2771 Acatius
1012 2740 1256 2771 innumerabilia

461 2791 591 2822 crimina
615 2791 813 2822 adfirmabat.

870 2791 995 2822 Eodem
1032 2795 1177 2833 tempore
1206 2802 1256 2822 re·
1282 2799 1283 2807 ¹

461 2843 583 2884 scripsit
602 2842 789 2873 Timotheus
807 2843 982 2874 catholicus
1006 2846 1038 2873 et
1054 2843 1188 2874 Acatius
1209 2843 1256 2874 di—
1282 2851 1283 2881 j

1170 218 1382 245 EPJTOMAE

1588 302 1816 330 CONONIANA

1302 356 1384 386 liam.
1422 356 1483 386 llic
1495 356 1658 387 constituit
1673 356 1898 386 monasterium
1916 355 2000 397 apud
2018 356 2094 387 bea-

1302 412 1366 438 tum
1393 407 1521 438 Petrum
1546 408 1736 449 apostolum.
1782 407 1844 438 Hie
1867 408 2038 444 constituit,
2065 411 2098 439 ut

1300 459 1381 489 intra
1398 459 1561 490 accionem
1575 459 1734 490 diceretur
1750 461 1894 490 sanctuni
1910 459 2096 489 sacrificium

1302 514 1333 541 ct
1358 514 1474 541 cetera.

1302 572 1362 602 llic
1387 571 1558 609 coustituit,
1584 570 1737 601 monacha
1753 581 1816 600 non
1839 570 1990 611 acciperit
2008 571 2096 601 vela-

1302 623 1393 653 minis
1427 623 1540 664 capitis
1575 621 1848 660 benedictionem,
1873 622 1931 652 nisi
1962 622 2098 663 probata

1304 675 1397 705 fuerit
1422 675 1452 705 in
1477 674 1659 715 virginitate
1685 673 1743 703 XL
1770 683 1879 704 annos.

1303 734 1364 765 Hic
1389 735 1566 773 constituit,
1597 744 1692 775 super
1720 733 1901 774 sepulcrum
1936 732 2098 771 custodes,

1304 786 1357 827 qui
1381 785 1527 817 dicuntur
1551 785 1745 816 cubicularii.

1305 846 1364 881 Qui
1380 847 1475 877 etiam
1491 847 1634 888 sepultus
1649 849 1697 876 est
1713 845 1743 875 in
1761 844 1892 875 basilica
1910 844 1996 874 beati
2015 843 2100 874 Petri

1304 898 1353 929 III
1366 898 1406 928 id.
1421 898 1521 939 April.
1562 898 1708 928 Cessavit
1724 897 1929 938 episcopatus
1946 895 2014 926 dies
2024 895 2097 926 VH.

1347 994 1450 1015 XLV111.
1475 983 1625 1022 IIimnrs,
1642 983 1770 1013 natione
1788 981 1918 1020 Sardus,
1945 992 1985 1012 ex
2007 984 2099 1022 patre

1304 1035 1449 1074 Piniano⁷
1474 1035 1557 1066 sedit
1580 1045 1630 1065 an.
1647 1034 1693 1064 VI
1717 1044 1817 1064 mens.
1835 1033 1884 1064 111
1910 1033 1978 1063 dies
2002 1032 2042 1063 X.

1303 1249 1364 1281 Hic
1388 1249 1463 1280 feeit
1487 1249 1587 1279 multa
1610 1259 1687 1279 vasa
1711 1251 1744 1280 et
1767 1247 1895 1279 diversa
1912 1249 2101 1278 ornamenta

1303 1302 1522 1343 apostolorum
1546 1301 1634 1331 Petri
1659 1303 1691 1331 et
1713 1300 1807 1331 Pauli
1831 1303 1863 1330 et
1887 1299 1918 1330 in
1943 1298 2100 1329 Constan-

1304 1354 1423 1384 tiniana
1448 1356 1480 1383 et
1503 1355 1612 1383 sancto
1638 1352 1791 1383 Laurenti
1816 1354 1848 1382 et
1872 1354 1982 1382 sancta
1998 1350 2101 1381 Maria

1304 1405 1437 1436 ornavit.

1303 1465 1366 1497 Hie
1390 1465 1466 1496 fecit
1490 1464 1726 1495 ordinationem
1751 1463 1776 1502 I,

1306 1585 1410 1628 presb.
1438 1585 1546 1623 ΧΧΥ,
1586 1585 1666 1616 diae.
1693 1585 1756 1623 VI,
1797 1583 1965 1625 episcopos
1993 1581 2101 1612 XXII.

1306 1638 1367 1673 Qui
1399 1638 1495 1668 etiam
1526 1637 1670 1679 sepultus
1702 1639 1751 1667 est
1779 1634 1819 1666 ad
1849 1637 1992 1665 sanetum
2016 1633 2103 1664 Lau-

1306 1690 1453 1729 rentium,

1306 1811 1396 1841 iuxta
1420 1820 1535 1851 eorpus
1556 1809 1657 1840 saneti
1673 1808 1776 1850 Xysti.
1822 1806 1864 1837 Et
1881 1805 2018 1837 cessavit
2035 1805 2102 1846 epi-

1305 1865 1455 1904 scopatus
1479 1860 1547 1892 dies
1572 1861 1612 1892 X.

1370 1958 1484 1979 xrvini.
1509 1948 1697 1985 Srmrmelvs,
1731 1945 1860 1976 natione
1895 1942 2101 1985 Tyburtinus,

1307 2010 1348 2030 ex
1382 2003 1473 2041 patre
1509 1998 1656 2037 Castino7
1690 1997 1773 2028 sedit
1803 2007 1853 2027 an.
1871 1995 1934 2026 XV
1963 2005 2062 2025 meus.
2088 1994 2103 2024 I

1306 2050 1374 2082 dies
1390 2050 1463 2081 VII.
1509 2050 1570 2080 Hie
1584 2049 1746 2080 constituit
1759 2048 1799 2079 ad
1813 2050 1956 2078 sanetum
1971 2046 2100 2077 Petrum

1307 2106 1340 2133 et
1363 2102 1403 2133 ad
1421 2106 1565 2133 sanctum
1583 2101 1719 2132 Paulum
1744 2103 1775 2130 et
1800 2099 1839 2130 ad
1856 2103 2001 2130 sanctum
2017 2098 2102 2129 Lau-

1306 2155 1443 2185 rentium
1461 2153 1668 2191 ebdomadas,
1692 2155 1727 2182 ut
1743 2151 1914 2193 presbiteri
1936 2153 2105 2181 manerent

1307 2209 1439 2247 propter
1467 2205 1660 2246 baptismum
1691 2207 1724 2234 et
1754 2203 1931 2245 penitentia
1962 2202 2101 2244 petenti-

1307 2258 1380 2288 bus:
1415 2256 1454 2288 de
1486 2257 1617 2298 regione
1650 2255 1745 2286 tertia
1776 2254 1817 2285 ad
1846 2258 1990 2285 sanetum
2015 2253 2102 2284 Lau-

1306 2309 1454 2348 rentium,
1473 2308 1512 2339 de
1528 2308 1660 2349 regione
1677 2307 1779 2348 prima
1800 2305 1841 2336 ad
1857 2309 1999 2336 sanctum
2015 2305 2100 2335 Pau-

1307 2362 1388 2400 lum,
1420 2360 1458 2391 de
1483 2360 1615 2401 regione
1632 2358 1696 2390 VH
1725 2357 1766 2389 ad
1790 2361 1934 2389 sanctum
1959 2357 2102 2388 Petrum.
