2245 3213
405 216 464 242 CVI
1105 212 1389 240 PROLEGOMENA.

406 303 447 334 ad
485 303 747 344 martyrologium
783 301 872 332 Hier.
905 312 935 342 p.
953 300 997 341 X)
1034 301 1102 332 dies
1138 303 1211 331 sunt
1249 299 1461 341 depositionis
1493 298 1658 331 Anterotis
1683 298 1806 340 (26,11)
1837 301 1870 330 et
1893 297 2059 329 Martinil

409 358 496 396 (151,
514 354 539 386 si
564 355 681 395 sumpti
707 365 747 385 ex
772 352 960 383 l'outificali.

511 406 685 437 PAVLVS
704 405 855 435 diaconus
872 414 935 434 non
952 414 1027 434 usus
1044 403 1217 445 pontificali
1234 403 1314 434 libro
1330 403 1362 434 in
1377 402 1511 433 historia
1527 401 1675 433 Romana
1691 401 1836 433 adhibuit
1853 412 1925 433 eum
1942 402 2060 444 passim

408 459 437 489 in
462 459 593 489 historia
617 456 906 498 Langobardorum
930 456 1048 497 scripta
1071 455 1199 487 saeculo
1225 458 1338 486 octavo
1365 457 1515 493 exeunte,
1540 454 1661 485 scilicet
1683 453 1757 485 inde
1781 464 1800 485 a
1823 454 1842 484 1.
1867 455 1928 494 2,5
1952 453 2019 485 sive
2042 463 2062 484 a

411 510 551 541 Iohanne
568 509 619 540 III
644 509 843 549 (561—574)
863 507 902 538 ad
920 508 1015 539 finem
1033 508 1149 549 operis,
1175 507 1261 549 quod
1277 507 1425 549 pervenit
1449 506 1489 537 ad
1514 517 1542 537 a.
1561 508 1633 537 744.
1679 505 1731 536 Ex
1747 506 1903 537 chronicis
1919 505 2061 536 Bedanis

408 573 478 593 cum
496 562 574 592 item
590 571 652 591 non
670 570 772 602 pauca
790 560 1004 601 exscripserit,
1017 559 1207 601 pontificalis
1223 559 1296 590 libri
1311 568 1393 601 quae
1412 561 1493 597 sunt,
1509 557 1606 589 modo
1625 568 1667 588 ex
1682 557 1752 599 ipso
1769 557 1874 597 affert,
1889 557 1985 588 modo
2003 567 2062 598 per

408 613 544 644 Bedain.
590 611 749 643 Chronica
773 622 821 648 ea,
840 611 954 653 quibus
971 615 1082 643 auctor
1097 611 1288 653 pontificalis
1304 611 1377 641 libri
1393 621 1468 641 usus
1487 612 1535 641 est
1554 609 1599 652 (p.
1615 609 1723 650 XIX),
1739 609 1808 640 fieri
1825 612 1942 651 potest,
1959 612 1995 640 ut
2011 609 2062 640 hic

410 665 473 696 illie
498 664 616 695 l’aulus
641 674 768 705 quoque
798 663 1011 705 adsumpserit
1042 667 1213 705 utrumque
1242 663 1392 694 volumen
1420 662 1513 693 simul
1541 662 1728 703 inspiciens;
1753 664 1840 692 certe
1863 661 1895 692 in
1918 661 1955 692 iis
1979 671 2061 703 quae

411 717 450 747 de
475 717 612 747 Narsete
630 715 724 747 affert
748 715 766 747 l.
786 717 814 754 2,
833 718 850 746 5
875 718 947 746 sunt
965 718 997 746 et
1013 715 1160 757 profecta
1177 725 1219 746 ex
1235 714 1409 757 pontificali
1427 717 1460 745 et
1483 713 1523 745 ab
1549 723 1587 744 eo
1605 713 1710 744 aliena
1734 716 1767 744 et
1788 713 1834 744 ita
1849 713 2062 754 proferuntur,

410 772 444 799 ut
469 768 576 799 onmia
599 768 631 798 in
655 767 770 798 eadem
795 767 952 798 relatione
975 767 1094 798 Paulus
1118 767 1299 809 repperisse
1317 766 1474 798 videatur.
1521 764 1573 796 Ad
1597 765 1691 795 crisin
1714 774 1777 795 non
1792 765 1927 795 multum
1944 763 2063 795 Paulus

411 820 550 859 confert,
582 830 654 851 cum
678 819 807 850 barbari
831 819 969 850 auctoris
993 819 1094 850 verba
1117 830 1189 850 raro
1221 819 1374 855 retineat;
1407 828 1470 849 uno
1499 817 1570 848 loco
1599 827 1630 858 p.
1652 818 1721 856 158,
1739 828 1772 856 12,
1796 816 1851 848 ubi
1873 816 2064 858 pontificalis

411 872 521 903 scribit
551 871 711 903 Narseten
740 874 900 902 mortuum
932 881 1001 902 esse
1024 874 1098 910 post
1126 870 1259 902 multam
1285 873 1406 909 tempus
1433 872 1522 901 recte
1548 869 1691 909 omnino,
1722 879 1793 900 cum
1817 870 1900 899 teste
1924 868 2063 910 Agnello

411 926 452 965 (c.
471 923 526 965 215)
551 923 592 955 ad
616 934 643 955 a.
660 922 753 954 XCV
777 923 944 963 advixerit,
969 923 1089 954 Paulus
1122 926 1245 954 temere
1270 923 1370 954 verba
1393 922 1424 953 in
1450 921 1643 953 contrarium
1666 921 1801 952 mutavit
1830 920 1940 952 addita
1963 931 2064 962 nega-

412 977 508 1009 tione.
556 975 751 1007 Adhibuisse
776 975 903 1006 videtur
927 976 1096 1017 exemplar
1120 975 1229 1006 classis
1253 974 1432 1006 secundae:

573 1030 639 1066 160,
657 1040 668 1058 2
692 1027 814 1069 absque
837 1027 977 1058 iussione
1002 1027 1038 1058 cl.
1057 1027 1101 1058 II
1121 1038 1189 1058 eam
1215 1026 1327 1065 Paulo,
1353 1037 1394 1058 ex
1420 1028 1594 1068 praecepto
1618 1024 1655 1057 cl.
1672 1025 1694 1056 Ι

572 1082 639 1120 166,
657 1092 667 1110 8
692 1082 802 1110 contra
832 1089 927 1121 quem
956 1078 1130 1121 pugnando
1154 1079 1202 1110 Al
1226 1078 1292 1118 fere
1320 1089 1391 1109 cum
1414 1077 1532 1115 Paulo,
1556 1077 1609 1108 sed
1637 1076 1771 1116 fortasse
1793 1087 1831 1108 ex
1854 1076 2067 1108 emendatione

724 1130 782 1162 loci
801 1130 952 1170 pmplexi,
977 1131 1030 1173 qui
1054 1130 1226 1173 pugnando
1250 1130 1364 1170 reliqui

575 1185 643 1223 168,
662 1196 685 1214 10
711 1183 875 1214 eunuchus
899 1182 934 1214 cl.
951 1183 995 1214 II
1015 1193 1085 1214 eum
1109 1182 1222 1220 Paulo,
1248 1182 1406 1213 exarchus
1430 1180 1467 1213 cl.
1483 1181 1508 1211 I

576 1237 683 1274 186,1ι
708 1235 843 1266 miliario
868 1234 899 1265 ui
923 1234 1020 1266 01.Ιῖ
1040 1237 1068 1265 et
1083 1234 1131 1265 Α2
1155 1244 1225 1265 eum
1249 1233 1361 1271 Paulo,
1385 1233 1522 1264 miliario
1546 1242 1567 1263 u
1584 1231 1630 1263 A¹

575 1289 642 1326 194,
660 1300 670 1318 1
693 1287 794 1318 binati
819 1286 854 1317 cl.
871 1287 915 1317 II
931 1286 997 1326 fere
1020 1297 1091 1318 cum
1116 1286 1228 1324 Paulo,
1252 1286 1306 1316 uel
1329 1285 1395 1316 nati
1419 1284 1455 1316 el.
1475 1284 1498 1316 I

503 1338 647 1370 GESTA
670 1338 990 1370 EPISCOPORVM
1014 1337 1430 1369 NEAPOLITANORVM
1448 1335 1536 1378 (MG.
1551 1346 1608 1366 scr.
1621 1335 1723 1376 Lang.
1737 1345 1769 1376 p.
1783 1335 1844 1366 398
1855 1335 1934 1375 seq.)
1951 1334 2069 1376 scripta

417 1402 499 1421 saec.
518 1391 600 1421 VIII
632 1394 772 1421 exeunte
803 1391 855 1421 vel
884 1391 1060 1432 incipiente
1084 1390 1131 1421 IX
1163 1391 1215 1432 qui
1247 1390 1443 1431 composuit,
1473 1399 1513 1419 ex
1538 1387 1713 1430 pontificali
1736 1386 1817 1417 libro
1842 1386 1958 1417 multos
1981 1386 2069 1417 locos

416 1442 456 1473 ad
481 1442 614 1474 verbum
639 1443 707 1473 fere
733 1443 916 1484 exscripsit,
948 1453 1023 1473 usus
1055 1442 1234 1484 exemplari
1264 1442 1394 1473 finiente
1424 1441 1560 1472 fortasse
1584 1440 1616 1470 in
1641 1438 1787 1478 Conone,
1819 1449 1891 1469 cum
1915 1441 2069 1479 excerpta

417 1495 566 1525 deficiant
589 1495 620 1525 in
644 1494 787 1525 Iohanne
806 1494 846 1526 V.
893 1494 1058 1530 Quatenus
1083 1494 1274 1535 perveniunt
1299 1496 1463 1535 excerpta,
1488 1494 1663 1534 sequuntur
1686 1491 1718 1521 in
1733 1490 1916 1522 universum
1934 1490 2068 1521 classem

418 1546 605 1585 secundam,
631 1546 688 1577 sed
712 1547 875 1588 pertinent
899 1546 965 1577 fere
990 1546 1031 1577 ad
1056 1556 1127 1577 eam
1152 1548 1277 1587 partem
1302 1545 1373 1576 libri
1398 1544 1603 1586 pontificalis,
1627 1543 1683 1574 ubi
1706 1542 1834 1574 codices
1859 1552 1968 1573 omnes
1993 1553 2068 1573 eon-

418 1599 563 1633 cordant3
589 1602 760 1641 praeterea
783 1598 901 1640 passim
927 1601 1077 1639 corrupta
1100 1600 1172 1628 sunt
1197 1608 1216 1628 a
1240 1597 1458 1638 compilatore.
1505 1596 1642 1637 Propter
1673 1605 1727 1626 eas
1757 1605 1869 1626 causas
1892 1594 1980 1625 varia
2004 1595 2068 1625 lee-

418 1652 503 1682 tione
528 1651 624 1693 plena
641 1653 832 1693 apparatum
849 1660 956 1681 meum
977 1660 1110 1680 onerare
1126 1649 1224 1688 nolui,
1249 1652 1357 1680 tamen
1374 1648 1428 1679 ubi
1442 1648 1514 1679 libri
1530 1648 1654 1679 variant
1670 1651 1763 1689 gesta
1779 1646 1938 1688 adlegavi.
1984 1645 2067 1677 Sub-

418 1704 527 1746 scripsi
550 1704 637 1734 locos
662 1702 816 1744 quosdam
840 1701 882 1732 ad
904 1701 1056 1733 iudicium
1080 1700 1166 1743 quod
1189 1701 1247 1732 tuli
1271 1700 1539 1732 confirmandum:

581 1758 647 1795 101,
664 1767 676 1786 ⁹
699 1752 839 1796 fidelem]
861 1756 947 1794 qesta
970 1764 1041 1785 cam
1057 1753 1227 1793 plerisque,
1252 1752 1468 1784 orthodoxum
1485 1752 1560 1782 ΑΙ·2

582 1808 648 1846 102,
666 1819 676 1837 5
701 1804 816 1848 ccccui]
839 1809 926 1845 qesta
949 1816 1020 1837 eum
1037 1804 1207 1844 plerisque,
1232 1805 1360 1836 ccccuiii
1377 1804 1452 1835 A¹·2

581 1861 647 1898 125,
665 1871 676 1889 5
700 1858 881 1899 angelicum
905 1857 978 1889 add.
995 1857 1030 1888 E
1036 1858 1059 1895 6;
1082 1857 1219 1888 eiusdem
1242 1856 1453 1887 additamenti
1476 1855 1606 1895 vestiqc'a
1628 1857 1703 1885 sunt
1728 1855 1761 1885 in
1780 1854 1876 1894 qestis

578 1912 647 1950 127,
665 1923 688 1941 ις
711 1908 828 1951 furore]
854 1909 890 1942 cl.
908 1909 956 1947 IL
981 1910 1063 1941 furia
1079 1907 1323 1940 ΑΜὊἮΕΜἱ
1347 1911 1375 1939 et
1397 1911 1484 1948 qesta

583 1964 648 1998 129,
668 1975 690 1993 15
714 1960 811 2003 acaci]
836 1961 889 1993 rel.
914 1964 943 1993 et
963 1964 1059 2001 qesta,
1084 1961 1237 1992 anastasii
1253 1961 1301 1992 A1

582 2016 648 2053 148,
667 2026 678 2045 2
701 2013 800 2054 misit]
825 2013 861 2045 el.
878 2013 922 2044 ΙΙ
942 2024 1013 2045 cum
1034 2013 1136 2053 qeste‘s,
1161 2012 1320 2044 commisit
1343 2011 1380 2043 cl.
1397 2011 1417 2042 Ι

583 2067 650 2105 149,
667 2079 677 2097 a
701 2065 953 2096 additamentam
977 2064 1013 2096 cl.
1031 2065 1094 2096 III
1111 2065 1196 2096 abest
1219 2075 1240 2095 a
1261 2064 1355 2104 qeste's

585 2120 650 2157 157,
668 2130 679 2149 c
703 2117 827 2148 sindual
851 2117 886 2147 cl.
906 2117 948 2148 Π
969 2127 1039 2147 eum
1060 2117 1162 2156 qeste's,
1187 2115 1336 2147 sinduald
1354 2114 1439 2155 A¹·2,
1464 2113 1697 2145 si11‹1ualtE¹··³

585 2172 650 2209 176,
667 2182 678 2200 ε
703 2179 744 2200 ex
768 2167 872 2211 parte]
900 2169 1005 2200 ΑΗΘ
1015 2168 1079 2199 ³E¹
1103 2179 1174 2199 enm
1195 2168 1299 2208 qestis,
1325 2170 1416 2209 parte
1439 2166 1553 2205 <reliqui

587 2224 651 2259 178,
672 2234 693 2252 ιο
716 2224 751 2252 ut
769 2246 774 2251 .
791 2247 796 2252 .
812 2246 818 2253 .
837 2221 1001 2251 debuisset
1018 2219 1183 2262 oboedire]
1199 2219 1401 2250 O³B2·³·4E¹
1415 2228 1485 2249 eum
1499 2218 1601 2257 qeste's,
1614 2220 1649 2248 ut
1666 2243 1671 2248 .
1688 2241 1693 2248 .
1709 2242 1715 2249 .
1733 2216 1901 2248 oboediret
1911 2215 2073 2247 AWGEG

586 2275 652 2311 187,
671 2286 681 2303 :s
705 2273 957 2303 additwnentmn
980 2283 1024 2311 ep.
1042 2272 1081 2303 K
1098 2283 1162 2303 own
1184 2272 1297 2302 habent
1318 2273 1404 2311 qesta

528 2324 762 2357 AVCTORES
787 2324 965 2355 OAROLO
990 2324 1147 2355 MAGNO
1171 2322 1410 2359 AEQVALES
1434 2321 1522 2352 VEL
1547 2319 1867 2359 POSTERIORES,
1896 2322 1930 2350 ut
1958 2319 2072 2350 librum

426 2378 641 2421 pontificalem
657 2377 774 2419 passim
790 2377 1011 2418 compilarunt,
1024 2376 1068 2407 ita
1082 2375 1123 2406 ad
1138 2376 1204 2406 eius
1217 2375 1326 2417 partis,
1340 2385 1437 2416 quam
1453 2384 1510 2404 nos
1527 2373 1662 2413 edimus,
1676 2376 1801 2404 textum
1818 2370 2073 2403 constituendum

427 2442 487 2461 11011
512 2430 641 2468 faciunt,
668 2439 738 2460 cum
763 2428 890 2459 codices
915 2428 1095 2469 complures
1120 2430 1232 2458 extent
1249 2437 1287 2458 ea
1307 2429 1415 2457 aetate
1434 2425 1606 2467 diligenter
1621 2425 1738 2466 scripti.
1756 2442 1796 2446 —-
1812 2424 1934 2455 Locum
1953 2433 1993 2453 ex
2010 2422 2075 2453 vita

430 2483 520 2523 Xysti
535 2482 583 2512 III
609 2484 661 2519 {15,
679 2493 690 2512 6
714 2481 790 2511 citat
803 2480 986 2511 Hadrianus
1004 2479 1017 2510 Ι
1036 2480 1066 2510 in
1083 2480 1197 2510 litteris
1214 2479 1254 2509 ad
1273 2478 1423 2509 (farolum
1441 2488 1593 2518 magnum
1609 2476 1782 2518 (adlegatis
1800 2475 1840 2506 ad
1857 2476 1876 2506 l.
1891 2476 1929 2513 c.)
1947 2477 2074 2505 secutus

427 2534 580 2564 lectiones
597 2533 706 2563 classis
724 2536 851 2563 nostrae
869 2532 1002 2573 primae.
1022 2550 1061 2553 —
1078 2531 1222 2562 Annales
1238 2530 1417 2561 Fuldcnscs
1441 2530 1494 2571 qui
1518 2529 1698 2570 composuit
1721 2527 1762 2558 ad
1786 2538 1814 2558 a.
1833 2529 1892 2557 754
1912 2525 1998 2567 (MG.
2018 2525 2073 2556 SS.

435 2588 457 2615 1.
476 2587 552 2625 2317)
570 2588 698 2626 praeter
715 2585 794 2615 alios
812 2585 915 2615 locum
940 2583 1085 2614 adhibuit
1110 2594 1151 2614 ex
1174 2583 1240 2613 vita
1264 2582 1420 2623 Stephani
1443 2582 1476 2612 II
1500 2592 1524 2612 0.
1543 2582 1581 2612 38
1607 2580 1792 2619 (Duchesne
1816 2579 1877 2610 vol.
1900 2581 1910 2608 1
1937 2589 1968 2619 p.
1987 2579 2076 2615 451),

429 2648 523 2678 quom
543 2637 639 2667 habet
656 2637 723 2667 sola
740 2637 847 2667 elassis
864 2639 971 2666 nostra
988 2635 1138 2666 secunda.
1154 2653 1192 2656 —
1206 2634 1364 2665 Rodulfus
1377 2633 1546 2664 Fuldensis
1561 2631 1594 2674 (†
1605 2634 1680 2668 865)
1692 2631 1838 2662 Hrabani
1855 2629 2026 2670 discipulus
2043 2629 2073 2658 in

431 2688 588 2718 miraculis
606 2687 818 2718 Fuldcnsibus
836 2687 957 2728 adlegit
970 2689 1057 2726 qesta
1071 2686 1270 2725 pontificalia
1287 2686 1374 2723 (MG.
1393 2684 1448 2716 SS.
1472 2687 1517 2723 15,
1535 2684 1622 2723 336).
1643 2702 1680 2706 —-
1698 2683 1889 2714 Hincmarus
1906 2681 2075 2712 Remensis

432 2741 464 2777 ΓΤ
482 2742 555 2772 *521
575 2743 606 2769 et
624 2739 652 2769 in
671 2740 735 2769 vita
753 2739 892 2780 Remigii
909 2751 933 2770 c.
958 2742 1002 2769 11).
1022 2741 1060 2769 211
1081 2749 1121 2769 ex
1137 2737 1331 2769 IIormisdae
1349 2737 1413 2768 vita
1431 2735 1590 2778 quaedam
1608 2735 1769 2776 excerpsit
1786 2734 1829 2775 (p.
1851 2735 1919 2772 128,
1938 2745 1969 2764 12.
1989 2745 2011 2763 ιτ
2036 2732 2074 2762 de

431 2791 592 2831 legatione
611 2790 777 2821 Germani:
804 2801 830 2831 p.
856 2793 919 2822 13⁴1.
934 2804 958 2821 22
983 2790 1022 2821 de
1041 2789 1222 2830 Clodoveo)
1248 2799 1370 2829 augens
1395 2798 1434 2819 ea
1457 2787 1621 2818 fraudibus
1638 2786 1698 2818 sibi
1715 2785 1874 2816 consuetis
1892 2786 1932 2821 (v.
1950 2783 2075 2815 Krusch

431 2854 488 2873 scr.
508 2842 627 2872 Mei-ov.
647 2842 707 2871 vol.
720 2845 737 2871 :3
757 2853 786 2882 p.
801 2844 871 2872 2-11.
891 2843 965 2882 242)
984 2845 1017 2872 et
1033 2845 1098 2872 tam
1116 2852 1157 2872 ex
1175 2841 1321 2883 epistula,
1340 2850 1435 2881 quam
1452 2839 1576 2880 scripsit
1592 2849 1619 2869 a.
1635 2840 1696 2869 866
1713 2837 1755 2868 ad
1771 2837 1957 2879 episcopum
1974 2835 2075 2867 Seno-
