2245 3213
431 201 503 226 xxn
1116 199 1398 226 PROLEGOMENA.

430 291 499 327 post
518 286 682 316 (mustanti
708 287 872 327 egregiam
891 286 1144 326 disquisitionem
1170 286 1276 326 (epist.
1296 286 1406 327 pontif.
1426 285 1439 315 Ι
1464 296 1493 327 p.
1511 285 1701 321 LXXXIV)
1726 297 1789 317 non
1811 287 1974 318 dubitatur
1989 297 2076 318 com-

431 339 566 379 pos-itum
597 348 668 367 csso
697 337 830 368 sedente
856 337 1048 378 Symmacho
1082 336 1197 367 eodem
1226 337 1338 378 spiritu
1370 341 1402 367 et
1435 338 1569 368 fortasse
1598 338 1638 368 ab
1668 338 1783 369 eodem
1813 339 1952 370 homine.
1999 338 2080 369 Sunt

431 397 536 420 antem
562 400 643 430 qnae
668 388 707 419 ad
734 388 764 419 id
789 400 902 430 corpus
927 388 1061 419 redeunt
1086 389 1182 419 haec:

584 445 604 471 1.
635 441 849 471 (lons-titutum
874 440 1017 470 silvestri
1043 452 1071 482 q.
1090 440 1131 477 d..
1161 439 1301 481 synodus
1324 440 1472 471 Romana
1495 440 1746 472 CCCXXXIIII
1775 443 1997 485 episcoporum
2022 444 2078 475 ha-

637 492 701 522 bita
727 492 783 522 sub
808 492 961 522 Silvestro
987 492 1159 532 (Constant
1183 502 1257 533 app.
1282 502 1311 532 p.
1329 491 1394 532 43).
1440 492 1609 523 Accedunt
1633 493 1789 534 epistulae
1814 498 1893 534 tres,
1917 506 1980 526 una
2004 507 2078 527 eon-

637 544 698 573 cilii
722 543 856 574 Nicacni
881 543 922 573 ad
947 543 1135 574 Silvestrnm
1161 543 1350 582 (Iwatisse'mo
1368 553 1475 582 papae
1499 543 1654 575 Constant
1677 555 1707 586 p.
1725 544 1792 585 53),
1817 545 1899 577 duae
1924 547 2016 578 huius
2039 548 2080 579 ad

636 594 713 625 illud
739 595 871 635 ψωμίσω
896 594 1053 625 Constant
1076 606 1106 636 p.
1126 597 1182 627 54:
1205 594 1447 633 alariosissimns
1470 595 1579 636 Migne
1603 596 1664 627 vol.
1683 597 1700 627 8
1725 607 1755 638 p.
1773 597 1860 637 823).

636 645 783 687 synodus
818 646 966 677 Romana
998 647 1060 677 alia
1086 646 1266 677 CULXXV
1302 647 1542 687 cpiscoporum,
1579 647 1655 677 item
1688 647 1799 678 habita
1834 649 1891 680 sub
1927 649 2080 682 Silvestro

638 698 807 738 (Constant
831 710 861 740 p.
880 702 919 729 55
945 710 1012 729 can.
1039 700 1131 731 l—G:
1156 699 1251 740 plene
1273 708 1314 729 ex
1332 697 1402 729 cod.
1419 697 1642 729 vallicelliano
1665 698 1691 729 F
1709 702 1747 729 54
1773 710 1856 731 saec.
1875 700 1922 731 Xl
1948 701 2081 733 Carolus

637 750 765 781 Poisnel
791 750 942 790 miclau-(les
966 749 1184 789 ‹l·m-r71‹²‹›lo9ic,·
1208 752 1235 779 ct
1259 750 1418 780 ‹l’hisz‘oire
1442 750 1502 781 vol.
1521 752 1539 781 6
1564 760 1591 780 a.
1616 751 1692 781 1886
1716 761 1746 792 p.
1764 753 1781 781 4
1797 751 1890 793 seq.).

588 804 615 831 3.
645 802 746 833 Gesta
770 803 890 834 Liberii
914 803 1056 844 episcopi
1082 802 1252 842 (Constant
1274 812 1305 843 p.
1323 803 1362 833 89
1377 800 1468 842 seq).

586 856 614 883 4.
644 854 744 885 Gesta
768 854 807 885 de
832 855 1024 896 purgatione
1050 854 1143 895 Xysti
1166 853 1217 884 III
1242 853 1385 895 episcopi
1409 852 1581 894 (Constant
1604 864 1634 895 p.
1658 855 1714 884 117
1729 855 1821 896 seq.).

588 907 615 935 ἶ».
645 904 745 936 Gesta
770 906 809 937 de
833 906 1047 947 Polychronio
1072 905 1245 947 (Constant
1268 916 1298 947 p.
1322 908 1379 936 120
1394 906 1486 946 seq.).

586 960 614 986 (ἱ.
646 957 793 997 Synodus
821 957 1015 988 Sinuessana
1039 957 1150 988 habita
1174 957 1232 988 sub
1256 957 1444 988 Marcellino
1470 957 1622 998 episcopo
1648 956 1816 996 (Constant
1839 969 1870 1000 p.
1888 960 1927 990 29
1941 960 2034 1001 seq.).

433 1007 555 1038 llarnm
581 1009 738 1040 fraudium
764 1010 958 1040 Pontificalis
982 1010 1054 1040 libri
1078 1009 1223 1050 scriptori
1248 1009 1341 1050 copia
1365 1019 1436 1040 cum
1461 1012 1561 1048 esset,
1596 1009 1660 1039 late
1684 1009 1721 1039 iis
1744 1019 1819 1040 usus
1843 1013 1906 1050 est,
1936 1021 2083 1053 praeser-

433 1060 488 1090 tim
513 1060 641 1101 synodis
667 1060 800 1100 duabus,
826 1062 883 1092 sed
907 1062 984 1092 item
1009 1062 1108 1102 gestis
1130 1061 1252 1091 Liberii
1277 1062 1318 1101 (v.
1344 1072 1374 1102 p.
1394 1063 1442 1091 77.
1468 1062 1534 1100 80),
1559 1060 1654 1102 Xysti
1679 1060 1729 1091 III
1753 1061 1795 1103 (v.
1820 1072 1850 1104 p.
1868 1063 1932 1102 96),
1961 1063 2083 1105 synodo

434 1112 627 1143 Sinuessam
652 1115 691 1152 (v.
716 1114 747 1144 in
771 1113 958 1145 Marcellino
983 1125 1012 1155 p.
1032 1114 1096 1153 41),
1121 1114 1224 1144 forma
1248 1116 1354 1144 tamen
1378 1114 1521 1154 paullum
1545 1112 1672 1144 diversa
1695 1112 1735 1143 ab
1759 1112 1855 1144 hodie
1886 1118 1977 1151 nota;
2009 1126 2084 1146 nam

434 1174 496 1194 uon
521 1165 621 1195 solum
647 1165 803 1206 synodum
821 1166 955 1196 alteram
972 1166 1017 1196 ita
1034 1166 1163 1207 plenam
1187 1165 1276 1206 legit,
1300 1168 1335 1195 ut
1358 1175 1431 1196 eam
1456 1164 1589 1196 exhibet
1612 1175 1692 1195 unus
1710 1163 1814 1196 codex
1830 1165 2083 1207 Vallicellianus,

434 1215 490 1246 scd
525 1217 620 1247 etiam
657 1216 696 1247 do
725 1217 911 1248 Marcellino
943 1228 982 1248 ea
1009 1218 1123 1255 refert,
1157 1227 1239 1258 quae
1270 1220 1342 1247 acta
1371 1217 1486 1247 ficticia
1515 1216 1709 1247 Sinuessano.
1738 1227 1802 1248 non
1834 1218 1909 1249 satis
1938 1218 2085 1250 reddunt.

434 1267 586 1298 Traditae
612 1272 719 1299 autem
744 1272 815 1299 sunt
839 1269 969 1300 fraudes
987 1269 1255 1311 Symmachianae
1279 1279 1337 1310 per
1354 1268 1564 1299 decretalium
1588 1278 1731 1309 corpora.
1773 1268 1966 1301 Coniunctas
1990 1273 2023 1301 et
2047 1281 2085 1301 eo

435 1330 496 1360 qno
522 1330 579 1349 nos
597 1330 651 1350 cas
668 1321 887 1351 recensuimus
911 1321 1022 1351 ordine
1048 1331 1102 1351 eas
1127 1321 1227 1352 habet
1250 1331 1364 1362 corpus
1389 1331 1407 1351 a
1431 1320 1541 1351 codice
1566 1320 1786 1361 antiquissimo
1809 1321 1950 1352 saec.VI
1974 1322 2086 1364 appel-

435 1372 534 1402 latum
560 1371 804 1403 Sanblasianum
829 1373 993 1412 (Maassen
1023 1376 1033 1403 l
1059 1383 1090 1414 p.
1109 1372 1195 1414 504),
1223 1373 1283 1403 nisi
1307 1372 1393 1414 quod
1416 1372 1538 1413 primae
1562 1371 1595 1402 id
1618 1381 1682 1402 non
1705 1371 1806 1403 habet
1828 1373 1888 1404 nisi
1912 1373 2087 1415 epitomam

436 1424 521 1463 (cam
547 1423 646 1454 edidit
666 1424 869 1455 Duchesnius
894 1428 900 1455 Ι
929 1435 959 1466 p.
975 1424 1149 1456 CXXXIV
1165 1424 1245 1466 not.)
1271 1427 1304 1456 et
1327 1424 1500 1455 secundam
1525 1424 1640 1455 omisit.
1688 1423 1819 1465 Sylloge
1844 1435 2000 1456 canonum
2024 1426 2088 1456 alia

436 1486 517 1516 quae
546 1476 721 1517 nuncupari
749 1477 832 1506 solet
855 1487 873 1507 a
897 1476 1007 1507 codice
1028 1476 1185 1507 Vaticano
1216 1478 1294 1507 1342
1327 1475 1489 1516 (Maassen
1512 1478 1521 1506 l
1556 1486 1585 1517 p.
1612 1476 1685 1514 512)
1712 1475 1844 1506 easdem
1867 1476 1966 1507 habet
1990 1477 2088 1508 etiam

436 1527 605 1567 pleniores,
631 1527 686 1558 sed
707 1527 877 1569 dispersas,
902 1528 1023 1559 scilicet
1040 1529 1176 1569 primum
1200 1539 1229 1559 n.
1254 1531 1262 1558 l
1292 1531 1324 1558 et
1341 1530 1369 1567 2,
1394 1528 1475 1558 hanc
1492 1530 1610 1567 tamen,
1634 1530 1782 1569 utsupra
1798 1527 1946 1567 diximus,
1970 1529 2087 1570 imper-

437 1578 567 1614 fectam.
597 1583 669 1620 post
694 1579 755 1609 alia
778 1590 807 1610 n.
826 1581 859 1617 3,
890 1580 968 1610 item
998 1583 1072 1621 post
1096 1580 1158 1610 alia
1181 1591 1211 1611 n.
1230 1582 1258 1610 4.
1284 1583 1311 1609 5.
1340 1582 1368 1610 6.
1415 1579 1582 1610 simillimo
1606 1579 1702 1619 libro,
1731 1579 1789 1610 sed
1814 1581 1910 1611 etiam
1933 1581 2088 1621 pleniore,

437 1641 507 1660 cum
530 1641 560 1661 n.
579 1632 596 1660 2
624 1631 783 1672 integram
816 1631 979 1670 habuerit,
1010 1642 1101 1662 usum
1134 1641 1205 1662 esse
1235 1632 1422 1672 scriptorem
1451 1631 1524 1662 libri
1549 1631 1743 1662 Pontificalis
1772 1631 1847 1663 inde
1876 1632 2089 1672 confirmatur,

437 1682 522 1723 quod
540 1682 643 1713 codex
661 1684 728 1714 eius
747 1684 888 1714 omnium
905 1684 1073 1725 primarius
1090 1694 1174 1714 saec.
1191 1683 1274 1714 VIII
1293 1683 1448 1714 Lucensis
1472 1683 1550 1713 item
1568 1682 1776 1714 decretalium
1793 1684 1941 1725 syllogen.
1958 1684 2091 1715 exhibet

437 1734 628 1765 simillimam
659 1735 901 1766 Sanblasianae.
947 1735 1029 1766 Eam
1064 1736 1165 1777 ipsam
1203 1746 1299 1777 supra
1334 1735 1378 1777 (p.
1403 1735 1496 1775 XVI)
1528 1734 1665 1765 diximus
1701 1739 1830 1777 praeter
1859 1735 1988 1767 fraudes
2019 1737 2090 1767 illas

438 1786 700 1827 Symmachianas
724 1788 843 1818 nullam
873 1788 1134 1819 constitutionem
1163 1787 1330 1818 admisisse
1355 1786 1529 1818 Gelasiana
1557 1797 1585 1817 a.
1603 1788 1663 1817 494
1696 1787 1921 1828 posteriorem;
1954 1787 2092 1818 formata

438 1842 544 1868 autem
571 1839 672 1869 estin
696 1838 791 1869 Italia
823 1839 993 1881 adsumpta
1015 1839 1214 1881 Dionysiana
1242 1849 1305 1870 non
1333 1839 1440 1870 multis
1473 1839 1562 1869 annis
1586 1839 1756 1869 anteriore.
1786 1857 1824 1861 —
1855 1839 2089 1881 Episcoporum

438 1890 650 1931 posteriorum
668 1891 840 1921 constituta
857 1902 875 1922 a
891 1891 1071 1922 Pontificali
1088 1891 1233 1922 adhibita
1250 1901 1320 1922 esse
1338 1891 1439 1922 conici
1462 1894 1570 1931 potest
1585 1890 1703 1921 Leonis
1720 1891 1812 1932 primi
1830 1894 1862 1922 et
1878 1890 2087 1923 Hormisdae:

439 1941 495 1972 sed
513 1946 660 1972 neutrum
678 1946 798 1973 certum
817 1946 873 1973 est.
913 1942 1032 1973 Leonis
1048 1943 1065 1974 I
1089 1943 1297 1984 epistularum
1322 1952 1436 1984 corpus
1454 1941 1614 1973 diversum
1630 1942 1671 1972 ab
1688 1942 1726 1972 iis
1750 1952 1831 1983 quae
1850 1942 1954 1973 adhuc
1980 1945 2092 1973 extant

440 1994 481 2029 (v.
507 1994 537 2024 in
562 2004 635 2035 opp.
661 1994 779 2025 Leonis
805 1994 854 2025 ed.
879 1994 1030 2025 Ballerin.
1056 2004 1138 2036 quae
1165 1998 1370 2036 exponuntur
1390 1994 1484 2025 vol.1
1511 2005 1541 2035 p.
1560 1995 1619 2024 543
1634 1993 1728 2035 seq).
1753 1993 1811 2024 sed
1834 1995 1871 2025 iis
1896 1994 2091 2025 simillimum

439 2045 578 2075 versavit
614 2046 666 2086 qui
695 2046 819 2087 scripsit
852 2046 956 2077 locum
987 2057 1016 2087 p.
1046 2048 1160 2085 104‚11‚
1191 2047 1244 2088 qui
1273 2046 1366 2077 abest
1395 2046 1435 2076 ab
1465 2046 1613 2087 epitomis
1642 2049 1675 2076 et
1706 2045 1832 2076 videtur
1859 2046 2031 2077 accessisse
2060 2046 2091 2076 in

441 2096 580 2127 editione
605 2097 754 2129 secunda.
801 2097 851 2128 Ex
875 2098 1037 2129 Anastasii
1068 2099 1205 2139 epistula
1234 2098 1275 2129 ad
1298 2097 1506 2129 Hormisdam
1536 2098 1568 2128 in
1598 2097 1690 2128 huius
1719 2097 1938 2138 epistularium
1961 2100 2092 2139 recepta

440 2152 567 2189 sumpta
591 2152 663 2179 sunt
684 2149 782 2179 verba
807 2150 1010 2191 imperatoris
1036 2150 1122 2190 (12⁵3,
1139 2151 1177 2185 6).·
1202 2160 1258 2180 nos
1281 2150 1384 2181 iubere
1407 2149 1557 2186 volumus,
1581 2159 1644 2179 mm
1666 2149 1755 2179 nobis
1777 2149 1894 2179 iuberi:
1917 2148 1974 2179 sed
1998 2149 2091 2180 facile

441 2200 508 2230 fieri
533 2200 645 2241 potuit,
671 2204 704 2230 ut
727 2201 758 2230 in
783 2200 932 2232 chronica
957 2211 996 2231 ea
1020 2201 1203 2232 transierint
1227 2201 1300 2232 inde
1325 2212 1343 2232 a
1361 2201 1558 2232 Pontificalis
1578 2201 1733 2242 scriptore
1751 2200 1882 2231 adscita.
1908 2219 1946 2222 ——
1973 2199 2092 2231 Contra

442 2252 525 2281 vitae
543 2252 767 2293 cpiscoporum
783 2252 902 2282 saeculi
926 2253 1053 2294 septimi
1078 2263 1160 2294 quae
1178 2253 1217 2283 de
1236 2264 1345 2284 eorum
1371 2256 1550 2294 temporum
1568 2251 1704 2282 decretis
1721 2251 1914 2293 synodisque
1938 2251 2091 2291 referunt,

441 2307 567 2344 sumpta
591 2303 658 2333 fere
683 2306 754 2334 sunt
779 2314 819 2333 ex
844 2304 919 2345 ipsis
943 2304 1032 2342 actis,
1056 2308 1091 2334 ut
1114 2305 1145 2335 in
1169 2304 1342 2335 Theodoro
1368 2306 1412 2345 (p.
1434 2305 1490 2334 170
1509 2303 1590 2344 seq.)
1616 2307 1648 2334 et
1671 2303 1808 2334 Mai-tino
1829 2303 1844 2333 I
1868 2303 1914 2344 (p.
1938 2305 1990 2334 181
2008 2303 2090 2345 seq.)

442 2355 532 2395 plura
556 2354 715 2396 descripta
740 2359 812 2385 sunt
829 2355 869 2385 ad
888 2355 1020 2386 verbum
1046 2366 1086 2386 ex
1103 2356 1182 2386 actis
1206 2356 1329 2386 concilii
1347 2355 1516 2386 Laterani:
1541 2355 1618 2385 item
1635 2355 1666 2385 in
1683 2354 1856 2396 Agathone
1873 2354 1918 2396 (p.
1939 2356 1993 2385 193
2008 2353 2091 2396 seq.)

442 2416 524 2446 quac
554 2406 594 2437 de
623 2407 755 2437 concilio
784 2407 925 2447 generali
958 2411 1050 2438 sexto
1080 2407 1436 2449 (ss'onstantinopolitano
1465 2406 1660 2446 referuntur,
1690 2407 1838 2446 veniunt,
1870 2409 1905 2437 ut
1933 2406 2093 2437 intellexit

444 2456 630 2498 Docllinger
649 2457 871 2498 (ql’apsts'oebeln
895 2458 944 2489 ed.
964 2461 982 2488 2
1008 2470 1036 2500 p.
1054 2461 1138 2497 1153),
1163 2469 1225 2489 non
1243 2469 1283 2489 ex
1301 2459 1379 2489 actis
1399 2458 1522 2489 concilii
1546 2458 1724 2499 publicatis,
1750 2458 1807 2489 sed
1824 2468 1865 2488 ex
1882 2457 2090 2489 relationibus

444 2508 621 2549 legatorum
648 2509 864 2540 Romanorum
892 2510 1201 2551 Constantinopolim
1231 2510 1396 2541 missorum
1427 2509 1467 2540 ad
1497 2510 1679 2551 pontificem
1709 2509 1837 2540 directis
1866 2512 1898 2540 et
1926 2509 1957 2539 in
1983 2509 2090 2540 archio

445 2559 599 2590 Vaticano
625 2560 812 2591 adservatis.
860 2561 1007 2603 Denique
1032 2562 1063 2592 in
1087 2561 1198 2592 Leone
1215 2561 1247 2592 II
1272 2562 1316 2603 (p.
1334 2563 1394 2592 200
1413 2560 1495 2602 seq.)
1520 2564 1631 2592 auctor
1654 2561 1759 2592 hausit
1787 2571 1827 2592 ex
1856 2561 1993 2602 epistula
2025 2561 2092 2592 eius

444 2610 484 2640 ad
509 2610 751 2642 Constantinum
775 2612 988 2653 l'ogonatum.

445 2661 535 2692 llaec
560 2663 654 2703 igitur
678 2664 900 2705 cpiscoporum
919 2664 1137 2695 Romanorum
1163 2664 1336 2695 constituta
1360 2664 1426 2694 sive
1452 2664 1592 2705 genuina
1614 2664 1680 2694 sive
1705 2662 1874 2694 subditicia
1898 2662 2092 2694 Pontificalis

445 2714 588 2754 ¹«ri-iptori
617 2714 657 2744 ad
689 2726 798 2745 manus
832 2716 973 2755 fuerunt,
1008 2716 1128 2746 scilicet
1158 2715 1243 2757 quod
1274 2716 1388 2746 attinet
1417 2715 1457 2746 ad
1489 2716 1628 2756 quinque
1659 2715 1762 2756 prima
1792 2715 1920 2745 saecula
1952 2725 1991 2745 ea
2022 2714 2090 2745 fere

445 2776 527 2805 quac
553 2766 693 2796 continet
717 2767 862 2797 collectio
888 2767 1112 2806 Sanblasiana,
1137 2767 1167 2797 id
1193 2772 1241 2798 est
1265 2766 1376 2798 Siricio
1401 2767 1560 2808 antiquius
1591 2766 1755 2797 decretum
1778 2766 1908 2805 nullum,
1932 2776 1951 2796 a
1979 2766 2089 2807 quinto

445 2815 518 2846 inde
542 2817 670 2847 saeculo
696 2818 801 2848 medio
826 2830 997 2860 perpauca.
1036 2819 1088 2849 Ab
1109 2829 1147 2849 ea
1165 2819 1289 2860 sylloge
1308 2829 1389 2860 quae
1409 2819 1525 2850 absunt
1549 2822 1581 2849 et
1605 2821 1792 2859 comparent
1815 2816 1900 2859 apud
1925 2820 2090 2848 auctorem

579 648 605 677 ,ΙΨ
