2245 3213
891 213 1173 240 PROLEGOMENA.
1819 217 1856 242 XI

362 302 506 330 sanctum
535 299 721 330 silvestrem
742 301 745 338 Ι
767 299 905 330 Palatini
933 301 1071 331 inlustris
1099 301 1157 331 viri
1189 300 1332 341 pecuniis
1363 300 1520 331 fabricans
1554 304 1586 331 et
1609 311 1768 331 exornans
1790 302 1793 340 Ι
1815 311 1852 332 eo

364 352 433 393 ipso
456 351 595 381 instante
619 350 788 381 dedicavit.
810 351 814 391 Ι
835 352 986 382 nonnulla
1011 352 1107 383 etiam
1132 352 1307 393 cymeteria
1327 352 1331 391 Ι
1353 355 1385 382 et
1407 353 1547 383 maxime
1566 353 1664 383 sancti
1684 353 1832 383 Pancrati

361 413 519 434 renovans
543 403 634 444 plura
656 403 720 433 illic
743 413 828 433 nova
853 414 979 445 quoque
1005 404 1190 434 construxit.

208 455 296 486 LllI.
362 454 536 485 Hormisda
556 458 559 494 Ι
581 454 664 485 sedit
687 464 786 485 annos
809 465 926 486 novem
947 457 951 494 Ι
973 456 1040 486 11105
1064 455 1177 486 decem
1202 460 1234 486 et
1257 460 1392 497 septem.

178 517 188 534 s
207 506 313 537 LIIII.
362 506 511 537 Iohannis
536 506 619 536 sedit
643 516 742 536 annos
767 506 829 537 duo
854 517 980 538 menses
1004 518 1121 538 novem
1146 507 1213 538 dies
1235 508 1238 548 Ι
1259 507 1349 538 XVI.
1373 509 1376 547 Ι

206 559 273 589 LV.
359 558 453 588 Felix
474 558 477 598 Ι
498 557 580 597 sedit
604 568 703 588 annos
728 561 878 598 quattuor
902 569 1029 590 menses
1055 559 1116 590 duo
1142 558 1209 590 dies
1231 560 1234 599 Ι
1257 559 1334 590 XII.
1357 560 1359 599 Ι

206 610 290 641 LVI.
361 610 540 641 Bonifatius
565 609 648 640 sedit
673 620 772 640 annos
797 610 859 641 duo
885 611 952 641 dies
976 611 1087 652 viginti
1113 614 1145 641 et
1170 621 1237 641 sex.

206 662 307 692 LVII.
362 662 512 693 Iohannis
537 661 620 692 sedit
643 671 743 691 annos
767 661 831 692 duo
856 673 984 693 menses
1009 666 1158 704 quattuor
1184 662 1251 692 dies
1273 663 1276 703 Ι
1298 662 1353 692 VI.

207 713 325 744 LVIII.
357 714 516 755 Agapitus
541 713 624 744 sedit
645 714 648 753 Ι
670 723 796 744 menses
820 714 978 745 undeceni
1004 714 1072 745 dies
1096 718 1178 745 octo.
1203 717 1205 753 Ι

164 777 185 794 111
204 765 342 797 LVIIII.
361 765 513 796 Silverius
537 765 621 796 sedit
643 765 646 805 Ι
667 775 794 795 menses
818 776 945 796 novem.
968 767 971 804 Ι

203 822 204 843 l
228 817 297 849 LX.
357 817 493 859 vigilius
518 817 601 848 sedit
627 827 727 847 annos
752 816 863 847 decem
890 820 921 848 et
945 820 1016 848 octo
1041 827 1168 847 menses
1193 816 1255 847 duo
1281 816 1348 847 dies
1372 827 1497 849 novem.
1520 820 1522 856 Ι
1544 818 1676 848 moritur
1699 818 1730 848 in
1756 818 1852 859 Syra·
1868 828 1930 858 f.3¹

359 870 440 900 cusis
464 868 604 900 secunda
627 868 706 898 feria
726 869 730 908 1
751 872 845 899 nocte
867 869 870 909 Ι
892 869 1029 910 septimo
1054 869 1124 900 idus
1150 868 1257 898 Iunias
1281 869 1454 900 indictione
1481 870 1585 901 tertia.
1607 876 1610 909 Ι

308 964 386 995 Post
409 963 551 994 Iudicem
575 963 828 1004 antiquissimum
863 966 894 993 et
924 966 1016 1004 gesta
1044 963 1229 1004 pontificum
1258 964 1376 1005 scripta
1407 965 1464 995 sub
1490 965 1640 1006 episcopo
1665 965 1794 995 Libcrio
1821 970 1853 995 et

207 1020 299 1057 gesta
327 1016 469 1046 finientia
501 1016 532 1046 in
563 1014 756 1055 Symmacho
787 1018 932 1056 tempore
964 1015 1107 1056 sequitur
1137 1025 1250 1056 corpus
1283 1016 1417 1046 vitarum
1449 1017 1532 1058 quod
1563 1017 1686 1047 edimus
1716 1017 1855 1058 pseudo-

207 1068 445 1098 Damasianum.
492 1067 529 1098 Id
552 1067 615 1097 iam
648 1067 870 1108 explicabitur,
902 1070 1059 1108 quatenus
1088 1067 1155 1097 fieri
1188 1070 1310 1108 potest,
1344 1078 1362 1097 a
1392 1068 1506 1108 quibus
1536 1069 1718 1099 auctoribus
1743 1072 1775 1099 et
1804 1069 1857 1099 ubi

206 1119 367 1150 conditum
391 1120 445 1154 sit;
471 1119 598 1160 quinam
623 1119 661 1148 sit
679 1118 784 1160 operis
809 1118 933 1149 titulus:
959 1129 1019 1160 quo
1045 1123 1191 1160 tempore
1209 1119 1361 1160 scriptum
1386 1120 1426 1149 sit
1443 1121 1492 1150 vel
1519 1121 1623 1161 potius
1641 1121 1735 1151 scribi
1760 1131 1855 1161 coep-

206 1176 272 1202 tum
297 1175 329 1202 et
353 1182 414 1213 quo
439 1171 543 1201 denuo
568 1170 723 1212 prodierit
746 1171 962 1211 recognitum:
995 1181 1072 1212 quos
1107 1174 1253 1201 auctores
1278 1171 1319 1201 ad
1349 1182 1427 1212 opus
1460 1172 1660 1202 condendum
1685 1173 1857 1213 scriptores

205 1224 422 1255 adhibuerint:
449 1223 587 1264 denique
606 1233 700 1263 quam
722 1222 855 1252 formam
873 1226 985 1253 auctor
1003 1226 1034 1253 et
1052 1223 1288 1253 continuatores
1307 1223 1386 1253 libro
1406 1223 1562 1254 dederint.
1604 1224 1858 1265 Explicabuntur

206 1276 301 1314 haec,
326 1278 361 1306 ut
385 1275 466 1313 dixi,
500 1278 652 1316 quantum
684 1274 751 1304 11011
780 1277 900 1315 potest:
931 1285 1003 1305 nam
1034 1275 1274 1315 quaestionibus
1305 1275 1366 1305 illis
1398 1286 1473 1305 mox
1503 1276 1672 1317 apparebit
1704 1286 1857 1317 responsa

205 1328 321 1368 passim
346 1327 493 1365 deficere⁷
518 1326 594 1356 mihi
618 1329 704 1356 certe
728 1336 791 1356 non
815 1326 924 1356 datum
950 1336 1020 1356 esse
1044 1330 1079 1356 ut
1102 1327 1191 1356 iustis
1223 1326 1389 1357 desideriis
1413 1327 1652 1368 responderem.

307 1377 477 1409 Conditum
502 1389 572 1409 esse
597 1378 733 1408 vitarum
758 1388 873 1419 corpus
903 1378 943 1408 ab
969 1378 1120 1419 episcopo
1145 1378 1287 1408 Damaso
1323 1386 1362 1417 (a.
1381 1380 1567 1409 :icc-384)
1598 1379 1764 1409 enuntiant
1789 1379 1856 1419 cpi-

205 1431 306 1461 stulae
330 1430 539 1472 praefationis
569 1430 640 1460 loco
672 1430 735 1460 iam
765 1430 796 1460 in
827 1430 932 1470 priore
957 1430 1097 1460 editione
1124 1430 1152 1460 ei
1177 1431 1371 1471 praemissae
1398 1430 1591 1471 Hieronymi
1617 1431 1656 1461 ad
1681 1431 1857 1461 Damasum

205 1486 237 1513 et
266 1483 357 1513 huius
387 1482 562 1523 responsio.
610 1481 682 1512 Hoc
713 1482 796 1511 enim
827 1482 993 1512 enuntiant
1024 1485 1158 1522 rogante
1190 1482 1388 1523 Hieronymo
1420 1482 1595 1513 Damasum
1630 1483 1854 1524 episcoporum

204 1534 422 1565 Romanorum
447 1537 546 1565 ‘actus
569 1532 743 1574 gestorum'
761 1534 826 1564 sive
853 1532 967 1574 ‘gesta'
994 1534 1194 1564 enarravisse
1220 1537 1252 1564 et
1273 1535 1348 1575 ipsis
1366 1535 1509 1575 epistulis
1535 1534 1717 1576 praemissis
1738 1534 1855 1564 Hiero-

204 1587 289 1628 nymi
313 1597 388 1617 cura
412 1597 450 1617 ea
474 1586 600 1627 publice
625 1585 763 1626 prodire.
810 1585 853 1615 At
877 1586 952 1615 olim
977 1585 1208 1616 demonstravit
1233 1585 1480 1616 Scllelestratius
1513 1587 1622 1627 (antiq.
1649 1586 1725 1616 0001.
1750 1585 1811 1615 vol.
1844 1585 1853 1614 l

203 1649 233 1679 p.
251 1640 312 1669 346
329 1648 395 1679 seq.
421 1637 577 1678 3695011.)
608 1637 760 1678 epistulas
788 1637 844 1667 has
873 1637 1058 1667 subditicias
1088 1648 1169 1668 csse.
1217 1637 1313 1668 Certe
1344 1649 1425 1679 quae
1452 1638 1490 1668 de
1517 1639 1675 1679 episcopis
1700 1637 1853 1667 Romanis

203 1691 233 1720 in
258 1691 412 1720 chronicis
437 1689 651 1730 Hieronymus
675 1689 782 1723 habet,
808 1692 876 1719 tota
900 1690 1102 1730 refragantur
1127 1690 1252 1730 corpori
1277 1690 1427 1729 vitarum,
1454 1694 1486 1720 ct
1511 1690 1549 1720 ad
1576 1690 1635 1720 1100
1659 1690 1683 1719 51
1708 1700 1765 1719 sua
1790 1689 1851 1718 for-

203 1746 331 1781 masset,
355 1742 456 1772 multa
481 1741 510 1771 ei
533 1740 686 1771 mutanda
710 1741 847 1777 fuerunt,
873 1741 1014 1782 exempli
1039 1752 1134 1771 causa
1159 1741 1358 1772 Constantini
1383 1742 1544 1783 baptisma
1568 1752 1586 1772 a
1607 1740 1797 1772 Nicomedia
1821 1743 1851 1770 et

202 1793 341 1823 Eusebio
378 1792 633 1823 transferendum
668 1792 805 1823 Romam
842 1792 883 1822 ad
913 1792 1112 1824 Silvestrum.
1160 1793 1244 1824 Sane
1273 1794 1398 1834 scripsit
1427 1794 1576 1824 chronica
1607 1794 1677 1823 vivo
1710 1793 1851 1823 Damaso

202 1855 229 1875 a.
248 1847 308 1875 375
333 1848 567 1886 potueruntque
585 1845 669 1875 vitae
693 1848 807 1885 postea
831 1845 870 1874 ad
890 1855 962 1875 eum
988 1846 1172 1877 transmitti:
1198 1845 1255 1876 sed
1280 1846 1394 1876 librum
1414 1846 1453 1876 de
1472 1847 1545 1876 viris
1570 1845 1745 1876 illustribus
1766 1855 1852 1875 com-

202 1897 306 1937 posuit
330 1900 401 1937 post
417 1896 549 1927 Damasi
574 1896 696 1926 obitum
721 1896 852 1937 eiusque
870 1897 986 1927 mortui
1010 1897 1053 1927 ibi
1079 1897 1274 1928 mentionem
1300 1898 1420 1928 faciens
1444 1904 1485 1935 (c.
1512 1900 1579 1937 103)
1606 1908 1717 1938 parum
1743 1899 1852 1936 gratus

201 1948 296 1978 homo
321 1947 360 1978 de
384 1948 456 1978 vitis
479 1949 539 1978 illis
563 1959 603 1978 ne
627 1948 760 1979 verbum
786 1948 915 1989 quidem
940 1949 1024 1979 fecit.
1064 1949 1144 1979 Mire
1168 1950 1295 1989 ingrata
1320 1950 1416 1980 etiam
1442 1950 1613 1991 posteritas
1639 1950 1706 1985 fuit,
1732 1948 1853 1978 scilicet

202 2000 343 2041 corporis
366 1999 459 2030 huius
483 2000 522 2031 ab
549 2001 700 2042 episcopo
718 2000 862 2031 Romano
888 2001 1057 2042 conscripti
1081 2005 1114 2031 et
1130 2001 1171 2031 ad
1195 2006 1358 2032 auctorem
1386 2002 1539 2032 illustrem
1565 2001 1652 2031 missi
1677 2010 1734 2041 per
1757 2009 1856 2030 annos

202 2054 363 2081 trecentos
392 2062 487 2082 nemo
519 2053 664 2082 meminit
693 2056 766 2082 ante
791 2052 915 2083 Bedam
949 2056 1112 2083 auctorem
1142 2054 1261 2084 saeculi
1292 2054 1395 2084 octavi
1426 2055 1469 2094 (p.
1488 2053 1592 2085 XVI).
1640 2052 1787 2093 Denique
1815 2051 1854 2081 ad

202 2113 252 2133 res
277 2113 358 2144 quae
383 2107 539 2145 spectant,
567 2104 606 2134 de
632 2105 735 2145 quarti
752 2105 871 2135 saeculi
889 2105 1048 2146 episcopis
1074 2115 1155 2146 quae
1173 2109 1351 2139 narrantur,
1377 2109 1442 2135 tam
1460 2105 1557 2136 exilia
1581 2108 1653 2135 sunt
1671 2108 1702 2134 ct
1726 2107 1852 2145 pertur-

201 2155 291 2192 bata,
327 2159 361 2185 ut
388 2155 474 2185 nullo
506 2155 600 2186 modo
631 2156 757 2197 aequali
786 2156 881 2186 tribui
913 2157 1049 2198 possint,
1084 2157 1183 2187 verba
1213 2161 1320 2188 autem
1354 2161 1418 2187 tam
1447 2158 1559 2187 inscita
1595 2160 1627 2186 et
1659 2156 1783 2196 inepta,
1822 2158 1855 2185 ut

202 2206 396 2236 abhorreant
421 2206 473 2237 vel
503 2203 544 2237 ab
576 2207 630 2237 illo
661 2207 789 2237 homine
819 2207 1035 2238 versificatore
1066 2218 1178 2249 parum
1210 2208 1311 2246 felici,
1344 2208 1400 2238 sed
1432 2219 1494 2238 non
1526 2209 1620 2249 plane
1652 2208 1788 2237 barbaro
1824 2210 1856 2236 et

202 2258 241 2288 ab
277 2257 482 2288 humanitatis
514 2261 660 2289 vetustae
690 2259 830 2300 reliquiis
861 2270 923 2289 11011
958 2260 1085 2290 0111111110
1123 2259 1286 2290 destituto.
1340 2260 1452 2301 Itaque
1489 2264 1560 2301 post
1591 2259 1853 2289 Schelestratium

202 2320 295 2340 nemo
326 2320 420 2340 ausus
449 2313 497 2340 est
528 2311 737 2351 patrocinium
767 2310 853 2341 rudis
886 2311 979 2341 huius
1004 2312 1178 2342 commenti
1211 2312 1375 2353 suscipere
1405 2312 1541 2353 profecti
1572 2311 1611 2341 ab
1643 2314 1772 2341 auctore
1797 2310 1853 2340 ali-

202 2367 357 2403 quatenus
384 2362 508 2392 imitato
533 2362 685 2404 epistulas
715 2373 807 2393 veras
837 2363 1018 2393 notissimas
1047 2363 1086 2393 ab
1112 2363 1311 2405 Hieronymo
1340 2363 1382 2394 ad
1412 2364 1587 2394 Damasum
1613 2366 1644 2393 et
1669 2363 1735 2392 vice
1761 2372 1853 2392 versa

202 2413 337 2445 (11110511.
389 2413 601 2444 Nihilominus
636 2414 852 2455 praefationes
884 2425 942 2445 eae
977 2415 1104 2445 omnino
1137 2416 1261 2456 corpori
1291 2416 1444 2456 aequales
1477 2416 1668 2452 effecerunt.
1704 2417 1738 2443 ut
1769 2413 1852 2443 vitae

305 2516 317 2539 l
337 2516 482 2541 sii-uestrem
502 2521 559 2541 ante
578 2526 644 2541 corr.
664 2518 732 2546 1·υ1ἰ.;
751 2518 862 2549 sequitur
876 2523 999 2549 punctum
1020 2518 1114 2549 duplae
1213 2517 1273 2542 9.10
1292 2519 1402 2549 spaliwn
1422 2522 1479 2542 ante
1500 2527 1598 2542 menses
1708 2516 1737 2540 12
1757 2517 1782 2540 in
1795 2518 1851 2547 fist?

201 2567 290 2582 manus
304 2559 433 2590 posterior
451 2560 586 2591 adscripsit
605 2561 731 2591 quaedam
750 2561 826 2585 rerba
845 2569 874 2585 ex
897 2562 994 2586 Genesi.

306 2628 325 2658 ¹)
345 2629 494 2660 Hieronymi
514 2629 622 2653 versioni
642 2634 761 2660 quattuor
780 2630 973 2661 euangeliorum
993 2630 1129 2661 praemissa
1152 2630 1264 2662 epistula
1287 2630 1317 2653 ad
1338 2631 1477 2653 Damasum
1501 2637 1591 2661 papam
1610 2629 1726 2659 aliaeque
1745 2628 1849 2656 similes,

201 2671 310 2695 maxime
329 2671 394 2695 duae
414 2672 461 2703 (ep.
476 2671 516 2696 35.
532 2671 565 2695 36
584 2672 854 2704 Hieronymianarum)
876 2674 978 2697 Damasi
998 2673 1029 2696 ad
1050 2673 1235 2704 Hieronymum
1256 2677 1280 2696 ct
1299 2673 1376 2696 huius
1395 2673 1426 2696 ad
1447 2672 1517 2695 illum
1537 2672 1685 2695 subditicias
1704 2671 1848 2703 complures

200 2718 396 2745 procreaverunt
415 2715 570 2746 Hieronymo
594 2716 737 2739 Damasovc
762 2716 901 2747 adscriptas
925 2718 995 2748 (opp.
1016 2716 1064 2739 vol.
1082 2716 1110 2739 11
1138 2724 1161 2747 p.
1181 2715 1307 2746 2Ῑ35011.;
1333 2715 1474 2739 Iliusehius
1493 2714 1630 2739 decretales
1650 2714 1850 2746 pseudo-Isido-

199 2757 287 2781 rianae
306 2765 329 2788 p.
343 2756 404 2787 4983
424 2758 594 2782 Tischendorf
614 2766 705 2789 evang.
726 2766 810 2790 apocr.
831 2757 899 2783 011,ἶέ
918 2767 942 2790 p.
956 2758 1013 2788 51),
1040 2759 1084 2783 5011
1103 2762 1186 2782 aetate.
1206 2759 1241 2782 ita
1261 2759 1363 2789 recenti7
1392 2762 1420 2782 ut
1444 2766 1487 2781 eas
1507 2758 1661 2789 pontificalis
1680 2757 1738 2781 libri
1758 2761 1849 2780 auctor

198 2799 318 2824 adhibere
337 2808 387 2824 11011
406 2801 524 2832 potuerit.
561 2802 595 2825 At
614 2806 642 2825 nt
667 2810 697 2825 ex
723 2802 839 2833 epistulis
862 2802 928 2825 veris
952 2802 1057 2825 Damasi
1082 2806 1106 2825 et
1125 2802 1274 2833 Hieronymi
1301 2802 1479 2825 commercium
1504 2802 1679 2833 epistularium
1705 2801 1790 2827 novit,
1817 2801 1850 2824 ita

200 2843 362 2873 praestum-ias
382 2843 439 2868 illas
458 2848 615 2868 commentus
638 2849 676 2869 est
699 2845 731 2868 ad
755 2844 900 2875 exemplum
920 2853 1014 2873 carum.
1033 2853 1100 2875 quae
1121 2844 1300 2876 martyrologio
1321 2845 1520 2875 Hieronymiano
1542 2853 1585 2876 pro
1606 2844 1759 2876 praefatione
1780 2847 1848 2871 sunt,

1612 2896 1626 2919 11
1634 2894 1643 2908 ⁴⁴⁷
