2245 3213
430 168 515 195 LXIV
1127 168 1413 195 PROLEGOMENA.

430 255 482 298 [D]
507 255 549 286 ad
573 259 717 286 sanctum
742 255 877 286 Paulum
1257 254 1314 298 [K]
1339 255 1371 286 in
1395 256 1467 290 (om.
1484 255 1531 296 E)
1554 256 1689 288 miliario
1706 256 1754 288 VI
1778 256 1829 288 via
1851 255 2057 287 Numentana

577 307 615 338 L.
640 307 733 338 Felix
759 306 828 349 [III]
1349 306 1558 345 (nomentana
1574 307 1620 349 P)

1364 357 1438 389 VII.
1464 358 1510 400 (ui
1527 358 1572 398 E)
1597 359 1787 390 Alexander

431 401 484 443 [I-I]
510 401 550 432 ad
575 405 719 432 sanctum
744 401 956 431 Laurencium
1318 409 1442 440 XVII]
1469 410 1572 450 (xujjji
1587 410 1653 452 Ep)
1677 411 1826 442 Urbanus

493 453 613 483 XLIII.
639 453 783 484 Zosimus
808 462 1007 494 [zososomus
1028 452 1073 487 Γ)

495 504 612 534 XLVI.
639 504 757 545 Syxtus
783 504 897 544 (sixtus
915 503 959 544 P)
986 503 1054 546 [III]

461 555 612 586 XLVIII.
639 556 769 586 Hilarus

1261 468 1308 511 [L]
1333 470 1384 500 via
1408 470 1540 501 Aurelia

1300 520 1441 553 XXVII.
1466 522 1545 557 (xuii
1561 521 1610 562 E)
1633 522 1727 554 Felix
1751 522 1785 565 [I]

1319 572 1442 603 XXVI.
1467 573 1629 605 Dionisius

431 649 484 691 [F]
509 650 540 680 in
565 643 664 690 cymff
688 649 845 691 Calepodi
869 650 921 681 via
944 650 1077 681 Aurelia
1334 623 1442 655 XXH'
1468 624 1636 656 cornelius

506 700 615 732 XVII·
640 701 779 733 calistus
1262 682 1326 726 [M]
1350 684 1382 715 in
1406 678 1494 716 cimst
1517 679 1602 727 (aym
1621 684 1672 727 E)
1696 696 1752 717 suo
1777 687 1829 717 via
1852 685 2031 717 Ardeatina

457 753 614 784 XXXVI.
641 753 732 794 (xxui
758 753 892 784 Rossius
915 753 990 793 err.)
1014 753 1114 785 Iulius
1348 735 1497 773 (ardeam
1508 736 1552 777 P)

1304 787 1442 819 XXXV.
1467 787 1594 819 Marcus

432 847 484 889 [G]
511 848 552 879 ad
577 851 718 879 sanctam
744 847 947 879 Felicitatem
972 848 1023 878 via
1049 848 1173 879 Salaria
1263 846 1318 889 [N]
1342 848 1373 879 in
1397 841 1486 879 cimil}
1508 842 1594 891 (cyffi
1611 849 1658 891 E)
1684 860 1739 881 suo
1763 849 1815 880 via
1837 849 1970 880 Portum

442 900 614 931 XXXVII.
638 900 786 930 Liberius
1302 899 1493 931 XXXVIII.
1517 900 1611 932 Felix
1636 900 1688 944 [II]

498 952 617 982 XLIII·
642 951 823 982 Bonifatius
847 950 979 993 ('fa⁰i¹¹s
997 950 1042 992 P)
1068 950 1103 993 [I]
1263 966 1310 1010 [O]
1334 968 1365 999 in
1378 962 1465 999 cimit
1477 962 1565 1011 (cyffi
1576 969 1625 1012 E)
1644 980 1701 1001 suo
1719 970 1770 1001 via
1788 969 1875 1001 Arde
1896 969 1954 1008 (sic
1966 969 2009 1008 E,
2034 979 2085 999 ar-

432 1044 479 1087 [II
485 1044 490 1087 I
515 1045 556 1075 fid
582 1045 664 1076 Ul'su
688 1045 810 1087 pileatu
834 1048 959 1087 portum
1348 1020 1443 1051 deata
1461 1020 1504 1061 P)

527 1097 614 1128 XLI.
641 1097 828 1127 Anastasius
852 1095 887 1139 [H
1284 1071 1493 1104 XXXVIIII.
1518 1072 1679 1104 Damasus
1704 1073 1884 1115 (damassus
1900 1072 1953 1114 E)

510 1150 615 1181 XLII.
639 1148 845 1179 Innocentius
870 1146 904 1190 [I]
1263 1130 1317 1174 [P]
1342 1132 1373 1163 in
1397 1132 1527 1191 Pontifffl
1577 1184 1582 1191 ·

1375 1183 1444 1215 LX.
1469 1184 1623 1216 Sllverius

433 1242 477 1285 [I]
502 1244 532 1274 in
557 1243 657 1274 Portu
681 1243 795 1285 (pontu
811 1242 861 1282 E)
885 1243 916 1273 in
940 1243 1021 1273 mari
1263 1242 1310 1285 [Q]
1334 1245 1366 1275 in
1390 1244 1556 1275 Acersona

539 1294 616 1326 IIII.
642 1294 793 1325 Clemens
818 1293 852 1337 [I]
1316 1295 1486 1327 LXXVII.
1512 1296 1668 1328 Martinus
1692 1295 1727 1339 [I]

542 1381 728 1422 Sequuntur
751 1381 812 1411 loci
837 1380 1072 1422 depositionum
1099 1381 1321 1423 episcoporum
1347 1383 1491 1425 excerpti
1516 1393 1558 1414 ex
1581 1383 1661 1414 libro
1687 1382 1874 1414 Pontificali.

594 1441 619 1472 I.
644 1441 774 1472 Petrus:
800 1441 851 1471 via
867 1441 999 1471 Aurelia
1022 1441 1053 1471 in
1070 1442 1225 1483 templum
1239 1442 1398 1484 Apollinis
1422 1443 1513 1473 iuxta
1536 1444 1641 1474 locum
1665 1443 1720 1474 ubi
1742 1443 1909 1474 crucifixus
1934 1445 1982 1474 est
1998 1443 2089 1474 iuxta

642 1493 798 1534 palatium
824 1492 1043 1523 Neronianum
1068 1493 1099 1524 in
1115 1494 1273 1525 Vaticano
1298 1495 1389 1526 iuxta
1412 1495 1606 1526 territorium
1631 1494 1867 1536 triumphalem.

574 1545 614 1575 II:
642 1544 755 1575 Linus:
781 1545 871 1576 iuxta
896 1555 1010 1586 corpus
1035 1545 1123 1576 beati
1146 1546 1235 1577 Petri
1259 1547 1290 1577 in
1308 1547 1476 1578 Vaticano.

556 1597 614 1628 III.
641 1596 766 1627 Cletus:
792 1597 882 1628 iuxta
907 1607 1021 1639 corpus
1046 1598 1091 1637 (in
1114 1597 1247 1629 basilica
1262 1598 1299 1629 K
1305 1603 1314 1638 )
1339 1599 1428 1630 beati
1453 1599 1539 1630 Petri
1561 1599 1593 1630 in
1610 1598 1778 1630 Vaticano.

557 1649 614 1680 IV.
640 1648 806 1680 Clemens:
832 1650 863 1680 in
887 1649 1028 1681 Grecias.

576 1700 617 1732 V.
641 1700 831 1732 Anecletus:
857 1701 948 1732 iuxta
973 1712 1088 1743 corpus
1112 1702 1200 1733 beati
1225 1702 1324 1733 Petri.

559 1753 614 1783 VI.
641 1752 823 1783 Euaristus:
849 1753 939 1784 iuxta
963 1764 1078 1795 corpus
1102 1753 1190 1784 beati
1217 1754 1305 1785 Petri
1329 1755 1359 1785 in
1377 1754 1546 1786 Vaticano.

542 1805 603 1835 VII
642 1804 845 1836 Alexander:
871 1805 921 1836 via
946 1805 1150 1836 Nomentana
1174 1806 1228 1836 ubi
1253 1806 1430 1837 decollatus
1454 1809 1503 1837 est
1528 1806 1568 1837 ab
1593 1806 1673 1837 urbe
1697 1806 1803 1837 Roma
1826 1805 1893 1836 mil.
1913 1803 1984 1834 VII.

527 1856 618 1886 VIII.
644 1856 765 1897 Xystus
789 1857 818 1887 I:
845 1857 934 1887 iuxta
958 1867 1073 1898 corpus
1097 1857 1183 1888 beati
1210 1857 1297 1888 Petri
1321 1858 1352 1888 in
1370 1858 1538 1889 Vaticano.

564 1908 619 1938 IX.
645 1907 839 1949 Telcsphor:
865 1909 955 1939 iuxta
980 1919 1095 1950 corpus
1119 1909 1206 1940 beati
1231 1909 1320 1940 Petri
1344 1909 1374 1940 in
1392 1909 1561 1940 Vaticano.

577 1959 617 1990 X.
643 1959 806 2001 Hyginus:
831 1960 921 1991 iuxta
946 1971 1061 2001 corpus
1084 1961 1172 1991 beati
1198 1961 1286 1992 Petri
1310 1961 1341 1991 in
1359 1961 1527 1992 Vaticano.

561 2011 618 2042 XI.
646 2011 737 2041 Pius:
763 2012 852 2042 iuxta
877 2022 991 2053 corpus
1015 2012 1104 2043 beati
1128 2012 1217 2043 Petri
1240 2013 1273 2043 in
1288 2013 1457 2043 Vaticano.

544 2062 618 2093 XII.
646 2062 816 2093 Anicetus:
843 2064 932 2094 iuxta
956 2074 1071 2105 corpus
1095 2064 1183 2095 beati
1207 2064 1296 2095 Petri
1319 2065 1349 2095 in
1368 2064 1526 2095 Vaticano
1544 2064 1619 2097 FK.
1644 2064 1674 2094 in
1699 2063 1865 2104 cymiterio
1891 2062 2013 2093 Callisti
2031 2061 2066 2092 P.

528 2115 619 2145 XIII.
647 2116 755 2145 Soter.-
782 2115 871 2145 iuxta
897 2126 1011 2156 corpus
1036 2115 1123 2146 beati
1148 2116 1235 2146 Petri
1252 2115 1326 2154 FK,
1351 2116 1381 2146 in
1407 2116 1572 2157 cymiterio
1598 2115 1721 2145 Callisti
1746 2115 1796 2145 via
1815 2112 1927 2156 *Appia
1944 2113 1982 2145 P.

532 2166 622 2197 XIV.
648 2166 820 2197 Eleutlicr:
846 2168 936 2197 iuxta
960 2178 1075 2208 corpus
1100 2168 1187 2198 beati
1212 2168 1298 2198 Petri
1322 2167 1353 2198 in
1370 2167 1539 2198 Vaticano.

547 2218 619 2249 XV.
645 2218 769 2249 Victor:
795 2218 885 2248 iuxta
909 2229 1024 2261 corpus
1049 2219 1135 2249 beati
1159 2219 1249 2250 Petri
1274 2219 1411 2261 apostoli
1434 2218 1466 2249 in
1481 2218 1649 2249 Vaticano.

529 2270 619 2300 XVI.
645 2269 859 2311 Zephyrinus:
884 2270 915 2300 in
940 2271 1106 2311 cymiterio
1132 2281 1188 2301 suo
1213 2271 1302 2301 iuxta
1327 2270 1527 2311 cymiterium
1552 2269 1674 2300 Callisti
1699 2270 1750 2300 via
1773 2269 1888 2310 Appia.

515 2322 620 2352 XVII.
648 2321 815 2352 Callistus:
841 2322 872 2352 in
897 2323 1064 2363 cymiterio
1090 2322 1236 2364 Calipodi
1262 2323 1313 2353 via
1336 2322 1470 2352 Aurelia
1494 2322 1558 2352 mil.
1576 2321 1634 2351 III.

498 2374 620 2404 XVIII.
650 2373 810 2404 Urbanus:
835 2374 867 2404 in
891 2374 1058 2415 cymiterio
1084 2374 1287 2405 Praetextati
1311 2374 1362 2404 via
1386 2373 1502 2415 Appia.

483 2425 609 2456 XVIIII
647 2425 836 2455 Pontianus:
863 2425 894 2455 in
919 2425 1086 2466 cymiterio
1111 2425 1233 2456 Callisti
1259 2426 1309 2455 via
1333 2424 1450 2466 Appia.

548 2477 619 2506 XX.
647 2477 802 2507 Anteros:
827 2477 858 2507 in
883 2477 1049 2518 cymiterio
1076 2477 1198 2508 Callisti
1223 2477 1274 2508 via
1297 2477 1415 2518 Appia.

533 2528 623 2559 XXI.
648 2528 825 2559 Fabianus:
850 2528 881 2558 in
905 2528 1071 2569 cymiterio
1097 2528 1219 2559 Callisti
1245 2529 1295 2559 via
1322 2528 1437 2569 Appia.

512 2580 620 2610 XXII.
648 2581 827 2611 (bi-uellus:
854 2580 884 2610 in
909 2584 1021 2622 crypta
1045 2581 1133 2611 iuxta
1150 2581 1349 2622 cymiterium
1367 2580 1490 2610 Callisti
1510 2580 1560 2610 via
1578 2579 1685 2621 Appia
1709 2579 1739 2609 in
1758 2577 1890 2619 praedio
1908 2575 2088 2617 (Lucinae).

500 2631 622 2662 XXIII.
649 2631 776 2661 Lucius:
803 2632 833 2662 in
858 2632 1024 2673 cymiterio
1049 2631 1171 2663 Callisti
1198 2633 1223 2664 I.
1242 2632 1310 2666 HI.
1336 2633 1424 2662 iuxta
1449 2631 1648 2672 cymiterium
1673 2628 1794 2661 Callisti
1820 2628 1849 2659 in
1874 2626 2019 2659 arenaria
2042 2626 2089 2658 II.

483 2683 621 2713 XXIIII.
649 2683 832 2724 Stephanus
858 2684 884 2714 I:
912 2684 942 2714 in
968 2684 1134 2725 cymiterio
1160 2683 1282 2715 Callisti
1308 2684 1359 2713 via
1382 2683 1498 2724 Appia.

522 2734 624 2764 XXV.
652 2734 770 2775 Xystus
794 2736 840 2765 Il:
867 2736 896 2766 in
923 2736 1087 2777 cymiterio
1113 2735 1234 2766 Callisti
1259 2736 1310 2766 via
1334 2735 1451 2776 Appia.

502 2785 625 2816 XXVI.
651 2785 838 2827 Dionysius:
865 2787 895 2817 in
921 2787 1086 2828 cymiterio
1112 2787 1233 2819 Callisti
1258 2787 1310 2818 via
1335 2786 1451 2828 Appia.
