2245 3213
422 220 442 246 C
1108 214 1392 242 PROLEGOMENA.

424 307 566 337 codicem
591 317 608 336 a
632 305 780 336 Vaticani
804 303 933 334 librario
966 302 1145 332 adhibitum
1175 301 1350 342 gemellum
1375 300 1472 331 fuisse
1496 300 1594 331 nostri
1622 300 1666 331 0³
1698 300 1836 331 efficitur
1868 302 1942 331 ante
1967 301 2074 331 omnia

424 369 464 389 ex
490 359 560 388 loco
586 359 635 389 53.
653 370 674 396 ε,
699 367 716 387 a
741 365 802 397 quo
828 365 899 385 cum
923 354 1053 394 incipiat
1077 353 1225 383 foliorum
1250 352 1454 394 transpositio
1478 351 1551 382 huic
1574 351 1655 382 libro
1680 352 1809 394 propria
1833 351 1878 393 (p.
1897 351 2073 392 LXXXII)

424 418 455 440 ct
480 409 520 439 ad
546 420 616 439 cam
642 407 809 439 celandam
828 405 1019 436 vocabulum
1044 405 1100 443 qui
1122 407 1279 435 mutatum
1305 404 1346 434 sit
1368 404 1478 440 inubi,
1496 404 1743 445 transpositione
1762 404 1890 435 sublata
1907 414 1968 446 ope
1986 403 2074 435 codi-

424 462 467 491 cis
500 461 630 491 alterius
660 459 831 499 vestigium
863 457 930 487 cius
961 456 1014 487 ubi
1046 456 1234 498 particulam
1260 455 1436 486 Vaticanus
1466 456 1605 486 retinuit.
1659 455 1697 486 Id
1725 456 1829 497 ipsum
1860 455 1948 486 varia
1978 455 2074 486 lectio

425 514 590 544 contii-mat
615 522 685 542 cum
710 510 788 541 locis
813 519 909 551 supra
934 508 1060 547 adlatis,
1085 511 1152 538 tum
1177 508 1246 538 aliis
1270 507 1386 546 multis,
1404 507 1459 538 ubi
1480 517 1605 538 errores
1621 507 1740 538 codicis
1761 506 1806 539 0³
1822 507 1854 538 in
1870 507 1923 538 E¹
1939 506 2076 538 redeunt

424 567 511 603 (plot.
527 578 558 594 ize.
575 576 606 594 111.
637 564 706 601 106,
723 575 743 592 ⁴.
773 563 841 599 110,
858 574 876 591 1.
906 562 974 599 124,
992 572 1012 591 9.
1041 561 1161 598 131,15.
1190 561 1295 599 173,1.
1328 560 1393 598 178,
1411 571 1431 589 5.
1461 559 1528 594 ¹80,
1545 571 1566 590 e.
1595 560 1663 598 181,
1681 571 1714 590 14.
1732 571 1756 590 17
1773 560 1858 599 eelz).
1879 577 1916 581 -
1941 558 1992 589 Ex
2015 559 2075 589 hac

425 616 559 646 duorum
592 618 738 645 textuum
769 612 1040 643 contaminatione
1072 611 1227 642 lectiones
1257 610 1376 641 codicis
1392 610 1426 640 E
1435 610 1443 628 ¹
1474 610 1550 640 satis
1585 610 1698 651 opinor
1731 611 1947 652 explicantur,
1978 609 2074 641 modo

427 672 538 699 teneas
563 667 751 707 scriptorem
783 665 850 695 eius
878 674 942 694 non
969 664 1056 705 ipsos
1080 663 1177 693 libros
1197 662 1295 693 (3³EG
1318 662 1518 700 adhibuisse,
1548 661 1606 692 sed
1635 672 1746 692 eorum
1775 662 1932 703 gemellos
1958 665 1991 692 et
2014 672 2077 692 non

424 730 484 750 una
510 720 634 750 ratione
658 718 727 748 ficri
744 717 896 759 potuisse,
914 719 949 746 ut
971 715 1025 745 ubi
1042 715 1073 745 hi
1091 715 1302 753 consentiunt,
1320 714 1388 756 ipse
1406 714 1501 744 aliam
1518 714 1690 744 lectionem
1708 717 1852 755 poneret.
1899 713 1950 744 Ita
1974 715 2024 753 56,
2043 726 2076 752 15,

424 772 478 802 ubi
501 771 623 809 δραμεῖς
651 772 699 800 cst
723 769 753 799 in
775 767 882 806 (2¹³³E0,
907 768 939 798 in
955 767 1007 797 El
1032 770 1081 797 est
1103 766 1221 805 capsis,
1246 766 1374 796 omnino
1400 776 1441 796 ex
1464 765 1550 796 facili
1574 765 1757 796 coniectura
1780 768 1964 807 propterea,
1991 764 2076 806 quod

425 826 601 864 sequuntur
634 821 733 852 verba
767 819 931 851 territurio
961 818 1134 857 capsitano.
1190 817 1265 848 Alio
1294 817 1364 848 loco
1396 818 1446 856 93,
1464 830 1475 847 3
1498 816 1651 847 monacha
1685 817 1805 848 habent
1832 816 1940 857 0³E⁶‚
1967 827 2078 848 verum

426 874 596 905 ›mmaelms
619 883 638 903 a
661 873 764 914 prima
787 881 885 902 manu
901 870 962 902 E1:
987 869 1045 900 sed
1068 873 1239 911 utrumque
1264 870 1477 911 perscriptum
1502 869 1598 900 fuisse
1626 869 1658 899 in
1685 869 1839 899 librorum
1859 868 1942 899 GE⁶
1966 868 2078 899 arche-

426 930 503 967 typo
529 925 671 956 declarat
688 934 765 955 vera
788 923 884 954 lectio
908 923 940 953 in
960 922 987 952 G
1013 925 1149 953 retenta.
1196 921 1303 952 Unum
1320 920 1553 952 adsumendum
1572 923 1630 959 est,
1648 920 1733 962 quod
1751 921 1844 952 facile
1862 921 1942 951 sumi
1959 923 2078 962 potest,

426 977 610 1008 adhibuisse
635 977 801 1007 librarium
825 974 943 1005 codicis
961 974 1013 1004 Ε1
1038 977 1169 1015 praeter
1193 973 1392 1014 exemplaria
1414 973 1469 1003 illa
1494 972 1556 1003 duo
1580 972 1652 1003 libri
1675 972 1865 1014 pontificalis
1889 972 2078 1003 laterculum

426 1030 611 1071 pontificum
636 1029 759 1059 formae
784 1027 935 1067 vulgaris.
981 1024 1063 1055 Nam
1088 1035 1158 1055 cum
1183 1023 1246 1054 duo
1265 1024 1391 1055 codices
1411 1024 1517 1063 C³E⁶,
1541 1027 1576 1054 ut
1600 1034 1697 1065 supra
1712 1035 1742 1066 p.
1758 1024 1835 1055 LVI
1861 1024 2079 1066 exposuimuS,

427 1093 445 1112 a
479 1082 654 1123 spatiorum
691 1079 833 1110 numeris
868 1077 1055 1119 vulgaribus
1092 1077 1290 1118 aliquantum
1324 1076 1494 1115 recedant,
1527 1076 1610 1106 liber
1633 1076 1667 1106 E
1676 1077 1694 1115 ¹,
1729 1087 1921 1118 quamquam
1952 1076 2080 1106 illorum

427 1144 554 1175 quoque
585 1142 790 1163 numerorum
824 1130 971 1161 notitiam
1002 1129 1129 1168 habuit,
1154 1129 1344 1170 plerumque
1380 1129 1471 1169 ponit
1503 1128 1662 1169 vulgares
1693 1147 1732 1150 —
1763 1127 1969 1170 Quapropter
2000 1128 2082 1158 liber

427 1186 618 1224 Vaticanus,
648 1195 667 1215 a
695 1194 758 1225 quo
789 1194 847 1225 per
873 1183 971 1223 longa
995 1182 1124 1212 saecula
1148 1191 1263 1223 corpus
1290 1180 1352 1211 hoc
1382 1181 1518 1211 vitarum
1550 1179 1706 1222 pependit
1729 1191 1889 1222 quemque
1912 1180 1945 1211 in
1969 1179 2080 1210 ordine

428 1237 716 1267 contaminatorum
748 1235 952 1265 Duchesnius
977 1243 1104 1275 quoque
1133 1233 1308 1274 praecipue
1338 1231 1501 1270 adhibuit,
1534 1231 1720 1262 abiciendus
1750 1235 1799 1262 est
1820 1232 2081 1273 principatusque

427 1290 510 1320 inter
544 1289 642 1319 libros
677 1288 790 1329 plenos
827 1286 955 1318 omnino
992 1284 1181 1315 tribuendus
1205 1284 1422 1315 Laurentiano
1451 1284 1527 1314 licet
1556 1284 1785 1316 recentissimo.
1831 1284 1967 1326 Propria
2000 1293 2081 1324 quae

431 1341 531 1372 habet
551 1341 604 1371 ille
627 1339 713 1381 apud
731 1342 878 1369 auctores
894 1348 956 1368 non
972 1336 1142 1368 redeuntia
1159 1337 1207 1377 (ut
1224 1339 1296 1367 sunt
1312 1337 1343 1366 in
1359 1335 1546 1366 laterculum
1563 1336 1665 1366 relata
1688 1335 1730 1366 ad
1754 1337 1805 1375 89,
1819 1348 1850 1366 ιε.
1876 1337 1926 1376 98,
1941 1349 1972 1367 13.
1998 1337 2048 1374 99,
2061 1347 2082 1366 2.

436 1396 535 1431 103‚‹;.
578 1394 678 1431 11(),1.
718 1393 821 1430 126,ι.
860 1392 974 1429 145,21.
1014 1391 1130 1427 154‚1s.
1159 1390 1265 1427 157,1.
1298 1388 1404 1427 182⁹.
1440 1388 1508 1425 188,
1527 1388 1551 1428 7)
1581 1388 1688 1418 omnia
1716 1390 1771 1418 aut
1799 1397 1840 1418 ex
1871 1397 1979 1418 errore
2014 1389 2083 1417 orta

429 1449 501 1475 sunt
526 1448 580 1475 aut
605 1454 646 1473 cx
670 1442 928 1484 interpolatione,
954 1440 1012 1471 sed
1036 1440 1176 1471 innoxia.
1223 1439 1429 1470 Emblemata
1445 1438 1518 1470 huic
1534 1438 1615 1469 libro
1632 1439 1762 1481 propria
1777 1439 1899 1470 maiora
1916 1439 2082 1480 reperiun-

431 1501 480 1527 tur
505 1497 600 1526 haec:

609 1549 659 1586 33,
677 1559 688 1577 o
711 1545 859 1577 narratio
883 1545 920 1575 dc
943 1544 1097 1584 vzmtyrio
1121 1543 1276 1582 Stephani
1300 1543 1327 1574 I.

590 1602 658 1637 115,
676 1612 699 1629 21
723 1601 759 1628 ut
782 1597 886 1628 nullus
911 1621 1020 1628 .....
1044 1596 1214 1637 peruenire
1240 1595 1339 1626 debet

590 1653 658 1689 llo,
676 1663 686 1681 3
711 1651 801 1680 huius
826 1648 1025 1690 temporibus
1049 1649 1180 1679 inventa
1205 1650 1253 1678 est
1277 1647 1436 1677 aecclesia
1463 1647 1564 1677 sancti
1589 1646 1706 1687 Angeli
1729 1647 1761 1676 in
1785 1649 1893 1676 monte
1919 1646 2081 1687 Gargano.

589 1705 660 1739 201,
677 1716 699 1732 αι
724 1702 873 1741 simulatio
897 1700 1041 1731 ecclesiae
1065 1700 1169 1730 sancti
1195 1699 1322 1738 Georyii
1345 1699 1389 1729 ad
1412 1698 1577 1729 Velabrum.
1599 1698 1712 1728 addita
1734 1698 1822 1728 curis
1844 1698 2000 1729 secundis.

433 1755 514 1785 Item
540 1754 795 1796 computationes
820 1762 902 1794 quae
927 1755 1103 1793 sequuntur
1126 1751 1335 1792 interpositae
1361 1751 1439 1781 locis
1462 1750 1525 1780 his:

594 1809 661 1845 loo,
679 1819 702 1837 15
725 1808 799 1835 autc
822 1804 954 1835 Leonem
978 1804 1015 1834 1.-
1044 1814 1063 1834 a
1086 1806 1190 1834 morte
1215 1802 1361 1833 silvestri
1385 1812 1486 1844 usque
1511 1802 1552 1832 ad
1576 1802 1659 1833 hunc
1683 1802 1820 1843 primum
1844 1801 1988 1832 Leonem
2013 1805 2085 1832 sunt

743 1857 816 1888 anni
840 1855 1003 1887 XCVIIII
1027 1866 1069 1887 m.
1088 1855 1118 1885 V
1143 1854 1172 1886 d.
1189 1855 1296 1886 XXV.

595 1912 660 1948 164),
680 1922 701 1940 17
725 1911 798 1939 (tntu
825 1908 1012 1948 (iregyorimn
1036 1907 1073 1938 I:
1097 1918 1115 1937 a
1138 1910 1241 1937 morte
1266 1907 1366 1937 sancti
1384 1906 1529 1937 Silvestri
1551 1916 1652 1947 usque
1677 1905 1718 1936 ad
1742 1905 1825 1936 hunc
1850 1906 1985 1946 primum
2003 1904 2085 1936 Gre-

743 1961 867 2002 gorium
893 1960 1023 1990 fuerunt
1046 1960 1120 1990 anni
1145 1958 1323 1990 CCXLVI.

592 2016 660 2045 191.
679 2026 702 2044 ιο
725 2015 798 2043 (mlle
821 2011 966 2043 Donum:
990 2022 1009 2042 a
1032 2015 1179 2052 tempore
1205 2010 1413 2041 ordinationis
1437 2010 1536 2040 sancti
1562 2009 1711 2050 Gregorii
1741 2019 1846 2050 papae
1877 2018 1978 2050 usque
2003 2008 2086 2039 hunc

745 2068 817 2095 sunt
841 2064 914 2094 anni
938 2063 1029 2094 XCV
1052 2074 1094 2094 111.
1111 2062 1141 2093 V
1165 2062 1195 2094 d.
1208 2062 1322 2093 XIIII.

436 2117 587 2148 Redeunt
622 2120 753 2149 auctae.
790 2119 825 2146 ut
856 2116 963 2146 statim
998 2115 1135 2153 dicetur,
1170 2115 1201 2145 in
1234 2114 1344 2145 codice
1379 2114 1451 2144 huic
1486 2113 1644 2144 simillimo
1681 2103 1826 2143 Parisino
1852 2113 1934 2143 5143
1961 2127 1999 2138 z
2025 2111 2084 2141 E2.

436 2170 595 2200 Reccnsio
628 2169 712 2199 Petri
743 2168 909 2199 Guillermi
938 2167 1023 2208 (cod.
1041 2167 1114 2198 Vat.
1133 2167 1231 2207 3762)
1260 2166 1405 2208 pendens
1435 2169 1467 2195 et
1499 2166 1567 2207 ipsa
1596 2165 1636 2195 ab
1666 2165 1725 2194 hoc
1758 2164 1868 2194 codice
1899 2163 1988 2194 addit
2012 2165 2086 2193 ante

437 2222 626 2252 Silvestrum
651 2220 893 2251 adnotationem
918 2219 1071 2249 similem:
1095 2229 1116 2249 (ι
1139 2220 1246 2248 sancto
1265 2217 1357 2248 Prlro
1374 2228 1472 2256 usque
1494 2217 1538 2247 ad
1559 2219 1703 2247 stenelum
1722 2215 1912 2255 Szslvestrum
1937 2215 2016 2245 anm
2037 2214 2091 2245 CC

438 2284 530 2304 mens.
548 2272 580 2303 X
603 2273 633 2304 d.
653 2272 726 2303 Xll
751 2271 938 2309 (Duchesne
963 2272 1025 2302 vol.
1044 2273 1062 2301 2
1086 2281 1116 2312 p.
1136 2270 1239 2301 XXV.

544 2324 703 2365 Descripti
729 2327 803 2354 sunt
828 2333 869 2353 ex
894 2323 968 2353 Vat.
987 2324 1068 2353 3704
1095 2322 1222 2353 codices
1246 2322 1292 2352 hi:

595 2375 842 2406 Mediolanensis
869 2374 1018 2405 Ambros.
1044 2373 1072 2403 G
1094 2376 1153 2404 100
1171 2373 1242 2411 inf„
1276 2373 1425 2414 scriptuS,
1456 2375 1491 2402 ut
1523 2382 1618 2413 supra
1642 2371 1688 2413 (p.
1713 2370 1868 2409 XCVIII)
1893 2370 2046 2409 diximus,
2070 2379 2089 2399 a

644 2427 815 2458 Francisco
843 2427 950 2465 Penia,
976 2426 1123 2457 editionis
1146 2426 1384 2456 Muratorianae
1409 2425 1513 2455 codex
1533 2423 1572 2455 D.

594 2479 768 2510 Vaticanus
793 2478 1029 2509 Ottobonianus
1054 2481 1114 2508 993
1140 2478 1257 2518 (Duch.
1282 2488 1312 2519 p.
1331 2476 1482 2517 CXCV).
1507 2476 1642 2517 scriptus
1665 2475 1706 2506 ab
1731 2475 1862 2513 eodem,
1886 2473 2047 2505 adhibitus
2071 2483 2089 2503 a

647 2530 833 2561 Blanchinio
859 2536 903 2571 (v.
929 2529 979 2561 ed.
1005 2530 1072 2560 eius
1098 2530 1159 2560 vol.
1183 2533 1193 2560 1
1222 2540 1252 2571 p.
1271 2530 1316 2564 3').

597 2583 771 2613 Vaticanus
789 2584 870 2613 4970
896 2582 974 2621 (non
992 2584 1090 2613 4170:
1115 2581 1218 2613 Duch.
1243 2592 1272 2622 p.
1291 2580 1440 2613 CXCVI!
1467 2581 1578 2611 finiens
1602 2580 1633 2610 in
1659 2579 1824 2621 Stephano
1846 2578 1904 2609 III.
1952 2577 2003 2608 Ad
2028 2577 2089 2607 hoc

646 2635 814 2675 exemplar
838 2633 952 2665 dicitur
984 2634 1069 2664 facta
1093 2644 1163 2664 esse
1188 2633 1286 2664 editio
1312 2633 1501 2674 Moguntina
1524 2642 1552 2662 a.
1573 2633 1668 2670 1602,
1698 2641 1868 2673 perperam
1893 2629 1996 2660 iudice
2020 2628 2088 2659 Du-

648 2686 790 2717 chesnio.

597 2737 759 2768 Romanus
783 2737 1031 2768 Barberinianus
1054 2736 1211 2776 XXXIV,
1237 2739 1275 2767 57
1310 2736 1428 2777 (Duch.
1460 2746 1489 2777 p.
1508 2734 1660 2773 CXCVI)
1688 2735 1777 2765 initio
1807 2733 2015 2774 imperfectus
2038 2732 2085 2762 in-

649 2789 770 2830 cipiens
794 2799 812 2819 a
838 2789 1006 2820 Pontiano.

596 2839 758 2870 Romanus
779 2840 1018 2870 Vallicellianus
1043 2839 1068 2870 C
1099 2840 1127 2870 1¹¹
1153 2840 1269 2875 (Duch.
1298 2851 1327 2881 p.
1346 2838 1506 2871 CXCVI).
