2245 3213
402 226 461 251 XV!
1086 224 1369 250 PRQLEGOMENA.

402 312 536 342 Romani
564 321 593 341 ct
619 313 832 342 narrationem
860 312 927 341 libri
959 312 987 341 in
1013 312 1093 351 glor.
1119 315 1199 340 mart
1236 323 1260 340 (ι.
1280 314 1319 339 23¹.)
1351 310 1390 340 de
1419 310 1557 340 iohanne
1586 310 1594 340 l
1622 314 1780 351 sumptam
1811 319 1881 340 esse
1906 320 1947 340 ex
1970 310 2050 351 ipso.

401 365 443 394 At
468 363 639 394 similitudo
665 364 716 393 illa
742 373 803 393 uon
829 363 910 393 ultra
935 363 1081 403 pervenit
1105 372 1198 403 quam
1222 362 1392 403 pervenire
1418 361 1529 392 debuit
1553 364 1684 403 propter
1701 361 1881 403 argumenti
1904 361 2049 392 similitu-

401 415 521 445 dinem:
553 425 671 444 assai-<¹
695 415 904 452 ‹qast-walani
934 423 996 443 non
1021 416 1069 443 est
1098 413 1215 443 locutio
1240 413 1384 454 scriptori
1408 413 1452 443 illi
1477 413 1620 454 propria,
1658 412 1715 444 sed
1739 413 1883 454 legitima
1906 415 1939 443 et
1962 422 2049 443 com-

401 468 502 497 munis
527 468 578 498 «οἵ.
598 466 768 496 Suetonius
787 465 878 496 Caes.
899 466 951 495 70:
977 464 1114 495 consulis
1138 467 1233 495 morte
1256 468 1426 496 cessantem
1447 464 1606 505 honorem)
1623 475 1682 495 nec
1700 464 1824 503 desunt,
1850 474 1932 506 quae
1958 463 2050 495 diffe-

402 527 487 550 rant,
518 523 549 548 ut
575 518 674 559 spatia
702 517 905 558 episcopatus
930 517 958 547 in
984 516 1163 547 Pontificali
1184 517 1214 547 in
1239 517 1392 558 principio
1417 517 1552 547 vitarum
1577 517 1758 555 enuntiata,
1783 515 1868 558 apud
1892 516 2050 547 Francum

401 575 474 600 unte
500 570 704 611 supulturam.
744 568 891 599 Narratio
917 572 1024 599 autem
1049 568 1088 599 de
1112 568 1255 599 Iohanne
1282 568 1308 601 Ῐ,
1341 579 1435 609 quam
1461 579 1517 599 suo
1542 569 1612 598 loco
1638 569 1681 609 (p.
1707 566 1778 607 133)
1796 568 1940 609 apposui,
1964 568 2051 598 venit

402 622 528 651 omnino
553 620 592 650 :id
624 629 792 661 utriunque
822 620 1009 661 scriptorem
1040 630 1080 649 ex
1112 624 1242 650 auctore
1274 619 1404 658 eodem,
1437 619 1494 650 sed
1523 622 1635 650 auctor
1663 619 1730 650 sine
1755 618 1851 650 dubio
1877 622 1925 650 est
1948 619 1974 650 is
1999 620 2050 661 qui

401 673 522 714 scripsit
554 673 701 703 chronica
731 672 859 702 Italica.
895 671 980 713 apud
1011 682 1106 713 quem
1136 672 1234 702 verba
1264 681 1334 701 cum
1366 670 1434 701 dolo
1462 674 1526 701 tam
1556 670 1641 712 apud
1672 670 1864 711 Gregorium
1895 681 1989 711 quam
2020 671 2050 701 in

403 724 581 754 pontificali
606 728 756 765 usurpata
782 724 902 765 pariter
920 724 1130 765 reperiuntur.
1169 723 1318 764 Denique
1336 722 1511 764 Gregorius
1536 733 1607 753 cum
1631 725 1730 763 neget
1752 722 1833 753 haec
1856 732 1889 753 se
1913 732 1954 753 ex
1969 722 2050 753 libro

401 776 517 817 scripto
552 776 723 817 sumpsisse
752 775 858 813 (mulli
886 775 1009 814 quidem
1039 777 1115 805 sunt
1138 778 1291 814 martyres
1319 774 1408 814 apud
1430 774 1536 805 urbem
1562 774 1709 811 Romam,
1738 784 1871 813 quorum
1902 774 2052 805 historiae

396 828 580 866 passionum
600 827 688 857 nobis
713 827 848 866 i'nteglrar‘
872 837 933 856 non.
956 829 1030 857 sun!
1054 827 1188 857 delatae:
1214 827 1250 857 de
1270 826 1408 857 Iohanne
1432 828 1535 856 tamen
1551 826 1700 865 episcopo,
1724 825 1873 865 quoniam
1889 835 1970 865 ayon
1985 825 2053 856 eius

401 880 443 909 nd
467 890 521 909 ›ws
546 890 641 917 etsqter
666 889 726 909 non
750 879 878 909 necessit
901 879 1052 917 srriptus,
1075 889 1155 917 quac
1178 888 1198 908 (ι
1221 878 1366 917 fidelibus
1389 878 1535 916 comperi,
1560 880 1659 908 tacere
1682 877 1832 917 nequivi),
1862 887 1974 918 parum
2004 877 2050 908 in-

402 931 532 971 tellego,
557 942 615 961 nec
639 931 741 971 magis
765 931 992 961 intellexerunt
1010 929 1168 960 WVaitzius
1190 930 1298 970 (nenas
1315 929 1434 960 Archiv
1454 931 1500 967 11,
1520 928 1596 970 229)
1622 932 1654 959 et
1678 928 1855 960 Kruschius
1879 928 1936 970 (ad
1960 929 1989 959 h.
2007 929 2051 967 1,),

403 982 563 1024 quomodo
588 983 647 1013 hoc
673 983 742 1013 loeo
768 982 971 1013 Duehesnius
994 982 1038 1012 uti
1068 982 1207 1023 potuerit
1231 981 1271 1012 ad
1297 980 1507 1012 evincendum
1538 981 1740 1011 contrarium.
1787 979 1924 1011 Omnino
1949 980 2052 1011 fidelis

402 1034 437 1064 is
463 1034 513 1075 qui
533 1033 689 1074 Gregorio
707 1034 787 1065 haec
805 1034 954 1069 narravit,
973 1034 1120 1064 chronica
1137 1033 1200 1069 illa,
1226 1043 1359 1074 quorum
1378 1035 1549 1074 praeterea
1567 1032 1654 1074 apud
1671 1032 1864 1074 Gregorium
1881 1033 2051 1074 vestigium

402 1096 463 1115 non
493 1086 663 1127 reperitur,
697 1085 781 1116 domi
814 1086 954 1126 legerat,
991 1089 1023 1116 et
1052 1095 1129 1126 prae
1158 1096 1191 1115 se
1223 1085 1285 1115 fert
1313 1085 1425 1115 relatio
1456 1084 1659 1126 Gregoriana
1688 1084 1844 1115 eiusmodi
1875 1083 2052 1115 traditionis

403 1137 516 1167 indicia
542 1142 642 1167 certa:
668 1138 923 1178 persecutionem
947 1136 1138 1167 Arianorum
1163 1137 1193 1167 in
1218 1136 1398 1167 Pontificali
1423 1136 1574 1167 tributam
1600 1136 1721 1167 Iustino
1746 1136 1942 1178 imperatori,
1967 1135 2053 1177 apud

403 1188 593 1229 Gregorium
624 1199 728 1230 papae
758 1189 905 1227 Iohanni,
937 1188 1133 1229 gladiatores
1157 1189 1270 1219 missos
1294 1199 1312 1218 a
1336 1187 1537 1219 Theoderico
1571 1187 1611 1218 ad
1641 1188 1815 1220 catholicos
1845 1198 1903 1229 per
1926 1187 2052 1218 Italiam

404 1240 672 1275 exterminandos,
697 1241 759 1271 alia
783 1241 908 1271 similia.

507 1295 680 1336 Gregorius
704 1296 719 1326 I
743 1296 912 1337 episcopus
936 1296 1004 1337 ipse
1022 1295 1186 1326 Romanus
1206 1294 1238 1333 (†
1256 1295 1332 1336 604)
1349 1305 1464 1336 corpus
1480 1295 1626 1335 vitarum,
1655 1296 1680 1327 si
1704 1306 1742 1327 eo
1766 1298 1913 1337 tempore
1937 1295 2053 1334 extitit,

402 1346 526 1376 noverit
554 1357 685 1377 necesse
717 1351 775 1378 est.
820 1347 974 1378 Attamen
1004 1357 1066 1377 non
1096 1347 1198 1377 solum
1229 1347 1315 1377 nullo
1347 1347 1417 1378 loco
1449 1347 1489 1378 ad
1513 1347 1546 1378 id
1569 1348 1717 1389 respicit,
1742 1347 1799 1378 sed
1822 1358 1902 1386 uno,
1927 1347 1966 1378 de
1992 1357 2053 1389 quo

402 1398 480 1428 infra
508 1404 551 1439 (p,
570 1398 675 1436 XXV)
701 1399 857 1435 dicemus,
889 1399 1122 1430 ordinationum
1153 1399 1382 1440 episcopalium
1414 1399 1459 1429 ita
1492 1399 1652 1436 meminit,
1683 1402 1718 1430 ut
1748 1399 1773 1430 si
1796 1402 1889 1441 gesta
1917 1399 1946 1430 ei
1977 1401 2054 1430 nota

403 1450 546 1487 fuissent,
570 1451 622 1480 vix
646 1461 681 1481 ea
708 1451 936 1492 praeteriisset.

505 1505 768 1547 Martyrologium
803 1507 1105 1548 Hieronymi-anum,
1141 1507 1228 1537 cuius
1263 1507 1365 1537 forma
1396 1506 1492 1538 hodie
1527 1510 1604 1537 nota
1638 1506 1720 1538 redit
1753 1506 1794 1537 ad
1826 1506 1993 1548 exemplar
2021 1506 2053 1536 in

406 1557 588 1597 Hurgundia
621 1558 771 1599 scriptum
805 1569 832 1590 a.
856 1560 946 1598 6273'8
982 1558 1122 1600 (Krusch
1152 1570 1245 1589 nczws
1273 1558 1390 1589 Archiv
1420 1560 1476 1597 20,
1503 1560 1597 1597 439),
1634 1569 1716 1600 quae
1751 1557 1790 1589 de
1821 1557 1951 1589 Urbano
1984 1558 2051 1599 epi-

404 1619 500 1650 scopo
525 1609 633 1641 habet.
658 1609 858 1641 Duchesnius
883 1610 1034 1641 iudicavit
1056 1610 1213 1652 proficisci
1237 1620 1279 1640 ex
1299 1609 1403 1641 indice
1429 1611 1665 1651 sepulturarum
1690 1610 1915 1651 episcoporum
1932 1609 2051 1640 Roma-

403 1671 515 1690 norum
546 1661 770 1702 probabiliter:
801 1662 857 1693 sed
888 1673 959 1693 eum
989 1662 1126 1693 indicem
1156 1663 1236 1692 infra
1265 1661 1445 1693 videbimus
1474 1673 1538 1693 non
1568 1662 1774 1704 compilatum
1806 1671 1876 1692 esse
1907 1671 1948 1692 ex
1972 1661 2052 1692 libro

403 1712 592 1751 Pontificali,
618 1724 699 1754 quae
724 1714 897 1745 Duchesnii
922 1715 1028 1756 opinio
1053 1717 1116 1753 est,
1142 1714 1199 1745 sed
1224 1724 1240 1744 e
1266 1714 1423 1745 contrario
1449 1713 1628 1745 adhibitum
1653 1713 1694 1744 ad
1718 1713 1941 1744 Pontificalem
1965 1723 2051 1744 com—

404 1763 577 1805 pilandum.

508 1820 645 1851 Isidorus
670 1821 869 1862 Hispalensis
894 1821 927 1861 Η·
944 1822 1020 1862 636)
1045 1832 1106 1852 non
1130 1822 1232 1863 magis
1257 1822 1398 1863 corporis
1424 1821 1515 1852 huius
1539 1820 1684 1852 meminit
1711 1831 1818 1862 neque
1848 1820 1947 1852 habet
1971 1831 2052 1863 quae

405 1877 490 1902 recto
516 1871 557 1902 ad
580 1872 611 1902 id
635 1872 822 1903 referantur.

508 1928 665 1959 Chronica
688 1928 855 1964 Francica,
886 1940 967 1970 quac
996 1929 1140 1971 adlegari
1172 1931 1276 1961 solent
1302 1930 1359 1960 sub
1384 1930 1512 1960 nomine
1536 1928 1729 1969 Fredegari,
1754 1929 1871 1969 scripta
1895 1939 1920 1958 c.
1946 1938 1973 1959 a.
1991 1929 2053 1958 642

404 1981 590 2011 laterculum
620 1985 809 2021 receperunt
840 1982 1062 2023 episcoporum
1092 1981 1311 2012 Romanorum
1343 1991 1413 2012 cum
1442 1980 1552 2022 spatiis
1585 1980 1649 2010 suis
1674 1979 1706 2021 (l.
1725 1981 1742 2010 3
1767 1990 1793 2010 c.
1811 1978 1866 2020 24)
1890 1979 2052 2010 finientem

404 2033 434 2062 in
459 2031 629 2062 Theodoro
656 2034 852 2071 (sm—(545³)
877 2033 979 2073 spatio
1004 2034 1035 2063 in
1058 2033 1119 2063 hoc
1142 2044 1204 2064 non
1229 2033 1379 2075 expleto:
1404 2043 1520 2074 corpus
1545 2035 1688 2062 nostrum
1711 2031 1867 2072 ignorant.

509 2091 599 2122 Beda
626 2093 722 2132 igitur
745 2092 878 2133 Anglus,
902 2096 937 2123 ut
961 2104 1055 2135 supra
1080 2093 1123 2135 (p.
1141 2093 1203 2126 XI)
1228 2094 1291 2124 iam
1318 2092 1471 2132 diximus,
1496 2092 1579 2123 inter
1606 2094 1752 2123 auctores
1774 2091 1856 2122 libro
1879 2091 2053 2133 pontificali

406 2154 478 2174 usos
503 2143 737 2184 antiquissimus
762 2148 810 2173 est
835 2145 994 2186 excerptis
1019 2145 1155 2186 copiosis
1178 2144 1252 2175 iude
1277 2145 1403 2175 insertis
1435 2144 1465 2175 in
1498 2143 1612 2174 librum
1643 2143 1682 2174 de
1713 2143 1911 2184 temporibus
1933 2142 2053 2184 publici

407 2196 481 2225 iuris
506 2197 622 2226 factum
647 2206 674 2225 a.
695 2197 754 2225 725
781 2195 952 2229 <Chronica
978 2196 1099 2227 minora
1124 2197 1182 2227 vol.
1200 2199 1217 2227 3
1243 2208 1272 2238 p.
1291 2198 1377 2235 227).

510 2255 559 2285 Dc
584 2255 766 2285 auctoribus
791 2267 808 2286 a
825 2255 1019 2287 Pontificalis
1043 2257 1197 2298 scriptore
1222 2257 1374 2288 adhibitis
1400 2257 1523 2287 dicetur
1540 2256 1644 2297 capite
1669 2255 1825 2291 secundo;
1849 2255 1890 2286 ad
1913 2258 2053 2286 aetatem

407 2308 504 2348 ipsius
530 2306 805 2337 determinandam
833 2307 894 2338 duo
919 2308 977 2339 soli
1002 2309 1129 2345 faciunt,
1155 2308 1302 2339 falsarius
1327 2308 1591 2350 Symmachianus
1616 2310 1649 2338 et
1672 2306 1847 2348 Gregorius
1870 2307 1999 2349 primus.

511 2366 670 2397 Falsarius
701 2366 962 2408 Symmachianus
996 2369 1087 2399 nobis
1116 2372 1208 2399 notus
1243 2380 1299 2410 per
1326 2379 1461 2410 corpora
1493 2378 1666 2407 canonum,
1703 2370 1737 2398 ut
1771 2367 1852 2398 infra
1888 2366 1934 2409 (p.
1957 2367 2053 2409 XXI)

410 2419 599 2457 ridebimus,
631 2420 808 2460 composita
831 2423 938 2450 aetate
963 2420 1217 2451 Theodericiana
1242 2423 1342 2454 (certe
1370 2420 1629 2462 antiquissimum
1655 2429 1764 2450 eorum
1790 2419 1934 2460 exceptis
1959 2418 2052 2460 Sym-

409 2470 580 2500 macliianis
606 2471 652 2500 liis
675 2481 737 2500 nou
763 2471 860 2501 habet
881 2472 1139 2502 constitutionem
1164 2482 1191 2502 a,
1210 2474 1268 2502 494
1295 2471 1522 2513 posteriorem)
1549 2481 1621 2502 cum
1644 2474 1777 2512 propter
1800 2473 2053 2502 commentorum

409 2532 534 2551 suorum
571 2526 759 2563 argumenta
794 2526 867 2553 ante
905 2523 1087 2564 Symmachi
1125 2524 1343 2565 episcopatum
1384 2524 1588 2562 (ms—514)
1628 2522 1768 2553 scribere
1803 2532 1865 2553 non
1904 2522 2053 2564 potuerit,

409 2574 570 2614 scripsisse
596 2573 718 2603 videtur
742 2575 830 2604 aunis
855 2575 922 2604 eius
947 2575 1064 2615 primis,
1090 2578 1326 2616 potueruntque
1351 2575 1395 2605 ita
1419 2577 1602 2605 commenta
1628 2574 1696 2604 eius
1720 2574 1853 2604 transire
1870 2574 1901 2604 in
1918 2574 2053 2604 vitarum

411 2635 541 2665 corpora
569 2625 694 2655 condita
725 2626 852 2656 saeculo
877 2629 968 2656 sexto
993 2626 1173 2667 incipiente.
1221 2626 1285 2657 Sed
1315 2637 1385 2658 cum
1420 2627 1589 2668 probabile
1623 2626 1663 2656 sit
1695 2628 1767 2667 post
1797 2624 1926 2666 aliquod
1956 2625 2054 2655 inter-

412 2676 526 2706 vallum
557 2675 683 2705 demum
716 2688 823 2707 vorum
853 2678 1076 2708 auctoritatem
1109 2678 1152 2708 ita
1183 2680 1335 2715 crevisse,
1370 2682 1405 2709 ut
1440 2679 1471 2709 in
1507 2677 1663 2709 eiusmodi
1696 2677 1794 2707 libros
1824 2677 2054 2718 reciperentur,

411 2738 520 2757 eorum
547 2727 695 2757 admissio
721 2729 832 2758 molius
857 2730 1004 2759 convenit
1028 2730 1155 2760 saeculo
1181 2729 1285 2760 eidem
1311 2730 1441 2761 exeunti
1466 2730 1516 2760 vel
1540 2728 1703 2770 incipienti
1728 2728 1874 2770 septimo.

515 2787 660 2827 Gregorii
687 2789 791 2828 magni
816 2788 849 2820 Η·
867 2791 942 2822 ‹im›
967 2789 1103 2830 epistula
1127 2789 1285 2830 quaedam
1311 2789 1565 2831 suppeditavisse
1590 2788 1724 2822 videtur,
1754 2791 1788 2818 ut
1811 2788 1892 2818 infra
1916 2789 1958 2829 (p.
1975 2788 2054 2827 XX)

412 2845 599 2879 exponetur.
626 2849 707 2879 quae
733 2840 762 2869 in
787 2840 885 2879 gestis
910 2840 952 2880 (p.
971 2842 997 2871 2.
1013 2842 1044 2879 5)
1069 2841 1218 2881 leguntur
1242 2841 1281 2872 de
1306 2842 1393 2872 Petri
1417 2841 1605 2882 episcopatu
1631 2839 1842 2871 Antiocheno.
