2245 3213
425 192 497 218 XLu
1109 188 1390 215 PROLEGOMENA.

529 280 684 320 Sequitur
714 280 904 319 conspectus
934 276 1109 318 spatiorum
1138 275 1370 317 adscriptorum
1401 275 1560 317 episeopis
1583 275 1739 306 Romanis
1762 286 1781 306 a
1806 275 1903 307 Petro
1927 275 1969 306 ad
1993 274 2076 306 Con-

424 331 598 361 stantinum
631 338 695 361 tam
727 331 757 360 in
789 328 913 359 duobus
946 327 1120 360 laterculis.
1150 327 1264 368 quibus
1294 326 1364 357 libri
1388 326 1585 358 Pontificalis
1609 330 1720 358 auctor
1743 338 1817 358 usus
1841 330 1903 368 est,
1928 337 2023 369 quam
2047 327 2078 358 in

426 383 524 423 ipsius
550 382 620 412 libri
638 381 833 411 l'ontiticalis
857 379 1044 410 recensione
1062 382 1208 420 utraque.
1255 378 1412 409 Tabulam
1438 389 1495 420 per
1518 379 1622 420 spatia
1637 379 1784 410 XXXVI
1807 380 1911 421 prima
1935 379 2078 420 disposui

425 434 598 475 tripertito,
623 438 657 463 ut
682 433 801 474 primus
831 431 908 462 ordo
940 430 1060 461 habeat
1089 440 1239 461 numeros
1268 430 1407 471 catalogi
1430 430 1593 461 Liberiani
1621 430 1762 470 adiecta,
1787 441 1869 472 quac
1894 431 1961 462 fere
1990 431 2078 461 nulla

425 492 490 519 est,
520 485 604 515 varia
637 485 774 514 lectione
790 484 827 523 ι);
859 481 1017 513 secundus
1050 492 1200 513 numeros
1226 481 1341 512 Indicis
1365 482 1539 513 secundum
1565 482 1749 522 duodecim,
1780 482 1820 513 de
1845 482 1959 524 quibus
1983 492 2079 524 supra

426 548 456 578 p.
472 536 618 567 XXVIII
627 546 693 576 seq.
709 535 856 573 diximus,
871 534 1079 575 exemplaria,
1094 544 1227 576 quorum
1242 537 1349 564 tamen
1365 534 1508 575 quintum
1525 534 1698 566 nonhabet
1713 535 1771 565 nisi
1788 544 1887 565 annos
1904 537 1936 565 et
1951 544 2078 565 menses

427 588 539 618 dicbus
559 587 810 628 praetermissis:
836 587 948 617 tertius
972 596 1121 616 numeros
1146 585 1218 616 libri
1238 585 1431 616 Pontificalis
1448 586 1575 617 adiecta
1591 587 1680 617 varia
1702 586 1840 617 lectione
1866 586 2077 628 epitomarum

426 639 558 669 duarum
575 638 644 669 ΓΚ
664 642 695 669 ot
711 638 863 669 librorum
880 637 1044 669 A¹.C³³.B¹
1062 637 1117 676 (ad
1134 637 1284 677 I—LII).
1300 637 1436 668 B2·³'4T
1450 637 1506 678 (ad
1524 637 1606 677 LV).
1627 638 1657 669 G
1682 637 1736 675 (ad
1752 636 1941 677 XL—XC).
1960 637 2007 668 E⁵
2025 637 2078 676 (ad

425 690 630 730 Lxlflxe).
679 690 763 728 EM,
787 694 822 721 ut
845 690 1026 721 referuntur
1049 690 1080 720 in
1105 689 1262 728 editione7
1291 688 1462 731 adsumpta
1493 689 1535 720 ad
1557 689 1708 720 iudicium
1733 689 1773 720 de
1796 689 1910 720 horum
1934 689 2078 720 codicum

425 742 531 773 indole
557 741 807 773 confirmandum
832 742 919 772 varia
944 742 1082 772 lectione
1106 741 1259 772 libroruin
1287 740 1363 772 ΟΜ.
1420 740 1558 772 Secundi
1582 741 1700 772 ordinis
1723 744 1848 772 textum
1873 740 2014 782 disposui
2038 740 2079 771 ad

426 794 576 835 exempla
605 804 675 824 cum
706 794 787 824 libro
819 793 992 835 pontificali
1016 793 1156 823 maxime
1184 793 1417 824 consentientia
1441 795 1473 823 et
1497 793 1656 824 simillima
1680 793 1726 832 ei,
1758 792 1844 834 quod
1872 793 1939 824 eius
1970 795 2081 823 auctor

426 845 581 877 adhibuit,
605 845 796 887 posthabitis
820 845 939 887 passim
964 844 1196 886 antiquioribus
1221 847 1253 874 et
1276 844 1556 886 probabilioribus.
1596 844 1696 876 Tertii
1720 844 1839 876 ordinis
1863 847 1987 875 textum
2005 843 2079 875 dedi

430 897 470 928 ad
495 897 642 928 editionis
673 897 833 928 secundae
863 896 989 927 codices
1013 897 1183 938 plerosque
1207 907 1278 927 raro
1311 896 1350 927 ab
1376 896 1486 927 Indice
1511 896 1712 928 recedentes.
1759 896 1797 927 In
1819 896 1908 927 varia
1930 896 2080 934 lectione7

427 949 569 979 subiecta
599 959 679 990 quae
711 948 860 979 videntur
890 948 1035 990 profecta
1059 958 1130 978 esse
1155 958 1197 978 ex
1221 947 1370 979 editionis
1399 948 1513 989 prioris
1538 948 1679 990 reliquiis
1705 948 1841 989 (scilicet
1865 948 1928 979 alia
1955 948 1987 978 in
2012 948 2080 989 epi-

428 1004 515 1031 toma
539 1000 574 1031 K
595 1005 736 1039 servata,
772 1001 835 1031 alia
873 1001 903 1030 in
937 1000 1025 1031 libris
1054 999 1170 1031 C³E1··⁵
1195 1010 1236 1031 ex
1260 1003 1395 1041 utraque
1423 1000 1563 1031 editione
1593 999 1830 1040 contaminatis)
1856 999 2081 1030 convenientia

427 1063 498 1083 cum
524 1053 663 1083 numeris
688 1052 867 1083 Libcrianis
891 1052 942 1083 vel
966 1062 1067 1094 prope
1091 1051 1133 1082 ad
1157 1062 1212 1083 eos
1236 1052 1437 1091 accedentia,
1462 1052 1611 1083 distincta
1634 1054 1707 1083 sunt
1731 1052 1818 1082 uncis
1842 1050 2015 1093 quadratis.

531 1113 559 1143 A
584 1112 714 1143 Libcrio
738 1112 812 1143 inde
837 1112 1136 1154 (XXXVII—XC)
1162 1123 1232 1143 cum
1262 1112 1344 1143 liber
1367 1112 1564 1144 Pontificalis
1589 1123 1630 1143 ex
1654 1113 1722 1143 solo
1747 1112 1857 1143 Indice
1881 1111 2023 1153 pendeat
2047 1114 2079 1141 et

427 1164 467 1195 ab
494 1175 532 1195 eo
557 1175 628 1195 raro
653 1164 806 1203 discedat,
829 1174 892 1195 uno
917 1164 1026 1195 ordine
1050 1175 1200 1195 numeros
1217 1165 1392 1206 composui.
1431 1164 1469 1195 In
1493 1168 1584 1196 textu
1608 1165 1717 1206 paucis
1741 1164 1818 1195 locis
1841 1164 1889 1203 iis,
1912 1164 1944 1194 in
1968 1162 2081 1204 quibus

428 1216 623 1247 l‘ontificalis
653 1216 693 1247 ab
725 1215 835 1246 Indice
864 1215 1003 1255 recedit,
1028 1216 1121 1246 huius
1149 1226 1298 1246 numeros
1322 1215 1425 1247 adieci
1455 1217 1538 1247 intra
1562 1217 1572 1256 (
1595 1215 1607 1257 )
1632 1216 1809 1257 praemissa
1836 1215 1944 1246 littera
1960 1214 1998 1246 P.
2044 1214 2082 1245 In

428 1272 587 1310 apparatu
614 1269 735 1299 variam
759 1268 931 1299 lectionem
956 1267 998 1298 ad
1030 1268 1172 1299 Indieem
1195 1268 1412 1310 pertinentem
1442 1269 1483 1300 ab
1513 1278 1552 1299 ea
1581 1278 1663 1310 quae
1693 1268 1725 1298 in
1751 1267 1931 1299 Pontificali
1959 1266 2081 1308 reperi-

428 1324 478 1350 tur
504 1320 621 1351 lineola
645 1320 801 1362 separavi.

532 1379 683 1421 Denique
708 1380 739 1411 in
763 1380 906 1410 tabulam
934 1380 1016 1411 hanc
1047 1380 1155 1421 recepi
1181 1380 1405 1422 episcoporum
1428 1380 1648 1412 Romanorum
1673 1378 1929 1420 chronologiam,
1953 1378 2082 1420 qualem

431 1432 602 1462 momentis
628 1432 775 1462 omnibus
799 1432 985 1473 singillatim
1010 1432 1161 1473 expensis
1184 1431 1258 1463 inde
1283 1443 1301 1463 a
1326 1433 1481 1463 Pontiano
1507 1433 1594 1473 (nam
1622 1432 1726 1474 spatia
1748 1431 1855 1473 priora
1879 1433 2004 1461 constat
2027 1430 2082 1460 fic-

430 1483 504 1513 ticia
536 1483 620 1523 esse)
658 1483 861 1514 Duchesnius
902 1483 976 1524 (vol.
1006 1486 1015 1513 l
1055 1494 1084 1524 p.
1112 1483 1438 1525 CCLX—CCLXH)
1471 1484 1603 1525 egregia
1638 1483 1858 1524 disquisitione
1895 1481 2082 1523 composuit.

430 1534 568 1575 Propter
592 1533 690 1565 dubia
714 1538 746 1566 et
770 1535 894 1566 incerta
918 1535 1019 1565 multa
1047 1545 1124 1565 sane
1155 1538 1188 1565 et
1216 1535 1327 1576 gravia
1357 1546 1412 1566 eos
1446 1536 1499 1576 qui
1528 1535 1589 1566 hac
1618 1535 1728 1566 tabula
1755 1537 1885 1565 utentur
1911 1533 1953 1564 ad
1979 1533 2083 1575 ipsum

432 1586 621 1616 remittimus
648 1586 762 1617 ducem
789 1586 887 1617 etiam
911 1586 942 1617 in
966 1585 1108 1617 tenebris
1132 1586 1231 1617 fidum
1255 1590 1288 1617 et
1310 1586 1512 1628 prudentem.

537 1698 556 1730 ¹)
576 1699 691 1730 Repetita
710 1702 770 1723 sunt
789 1706 856 1731 quae
875 1699 901 1723 in
921 1699 1047 1724 chronicis
1071 1700 1212 1724 minoribus
1235 1700 1329 1732 protuli
1349 1700 1398 1724 vol.
1414 1698 1427 1723 1
1448 1708 1473 1732 p.
1488 1698 1590 1724 73—76
1609 1703 1633 1724 et
1652 1700 1678 1724 in
1697 1699 1875 1724 additamentis
1894 1698 1944 1723 vol.
1956 1696 1973 1722 3
1991 1707 2014 1730 p.
2026 1695 2083 1722 718.
