2245 3213
867 202 1149 229 PROLEGOMENA.
1696 203 1836 229 CXXXIII

186 289 436 320 contaminatum
467 288 651 330 exemplum
683 288 844 321 formatis.
874 289 918 319 ita
951 289 1048 320 etiam
1071 289 1169 320 libros
1193 288 1275 319 GEs·
1299 289 1417 330 passim
1447 288 1552 319 facere
1577 299 1647 319 cum
1673 290 1773 320 classe
1799 300 1837 319 ca

186 341 358 371 laterculus
389 340 528 371 ostendit
556 350 651 381 supra
681 351 711 381 p.
731 340 839 371 CXXI
857 351 923 382 seq.
948 341 1130 383 propositus
1162 341 1308 371 vitiorum
1339 341 1447 371 classis
1472 340 1630 371 secundae
1654 352 1772 382 magna
1797 352 1837 371 cx

186 396 277 434 parte
302 392 516 423 communium
541 392 634 422 classi
658 392 687 422 ei
711 402 782 422 cum
807 393 910 424 tertia.
936 403 1007 423 cum
1033 404 1049 423 e
1075 393 1232 423 contrario
1259 403 1299 423 ex
1323 393 1406 423 vitiis
1431 393 1523 423 classi
1552 393 1675 433 primae
1701 393 1837 434 propriis

187 445 314 485 gravius
337 444 458 475 nullum
481 443 594 474 redeat
617 443 649 474 in
673 443 761 474 libris
781 445 906 475 tertiae.
952 444 1066 475 Potest
1082 445 1217 475 fortasse
1233 445 1365 475 ulterius
1382 444 1514 485 procedi
1537 445 1727 474 examinatis
1744 444 1837 474 hiati-

186 497 245 528 bus
268 497 453 527 hiatuumve
477 495 619 536 vestigiis
645 496 866 526 communibus
891 496 984 526 classi
1007 496 1168 527 secundae
1193 497 1383 538 tertiaeque.

363 549 414 587 48,
432 560 455 578 ιι
479 547 533 589 qui
556 550 674 588 praest.
700 547 756 578 sol.
781 548 813 578 lu
837 547 970 578 fundum
995 547 1074 578 duas
1099 558 1190 578 casas
1215 551 1236 578 t.
1262 558 1284 579 s.
1311 547 1650 578 0222‚E11²·00um.I}-³1’

365 601 453 639 56,1e
477 592 596 640 praest.
621 599 678 630 sol.
704 598 754 629 dcl
777 610 818 630 m.
843 599 1029 641 sulphorata
1053 603 1074 630 t.
1099 610 1127 630 n.
1153 610 1210 630 one.
1230 599 1310 630 E¹¹6
1328 610 1396 629 cum
1416 599 1464 629 Β3

364 653 414 691 62,
432 663 455 682 ιε
478 651 638 693 possessio
656 651 813 692 nymphas
838 677 843 682 .
864 676 870 682 .
888 676 894 682 .
920 664 943 682 19
961 652 1090 682 ciuitate
1109 651 1218 682 falisca
1236 662 1292 681 om.
1311 651 1369 690 13⁴.
1388 653 1599 689 transponam!
1620 652 1742 680 mutam
1760 649 1792 679 E
1804 651 1839 668 ΜΞ

366 704 417 743 SS.
437 715 459 734 ιθ
483 713 572 733 amas
596 713 623 733 a.
648 714 678 744 p.
703 714 726 733 s.
751 703 770 733 l.
788 714 833 733 xx
857 714 913 734 om.
931 703 1016 740 Bm.
1041 705 1254 741 transponant
1271 702 1355 732 ΕΙ·6

365 756 416 793 95.
433 768 456 785 ιι
480 754 522 785 ad
544 754 676 785 beatum
700 755 831 796 paulum
856 778 861 784 .
881 779 886 785 .
908 779 914 785 .
939 768 962 785 15
986 754 1040 786 lib.
1065 755 1195 784 uicenas
1219 764 1276 784 ona.
1296 754 1377 784 ΕΜΞ
1393 764 1461 784 cnm
1480 754 1527 784 11³³

369 808 420 845 97,
438 819 460 837 ιι
485 806 601 837 calices
625 806 698 837 min.
724 817 790 837 aur.
807 806 827 836 ii
852 817 882 847 p.
909 817 931 837 s.
956 806 1010 837 lib.
1036 806 1178 847 singulas
1202 816 1258 836 om.
1280 805 1359 835 ΕΙ·6
1376 816 1447 835 cam
1463 805 1511 835 11³4

191 867 373 900 Secundum
395 867 477 898 haec
507 866 634 897 videtur
665 867 832 908 exemplar
856 867 906 903 id.
931 878 949 897 a
975 877 1036 908 quo
1069 866 1213 908 pendent
1245 866 1315 896 libri
1347 866 1444 896 nostri
1473 865 1565 901 GEG„
1600 876 1661 895 non
1694 865 1842 895 habuisse

190 920 240 950 vel
264 919 304 950 ad
328 919 506 960 marginem
530 918 680 949 habuisse
705 929 787 960 quac
812 918 929 949 absunt
954 919 1147 948 afueruntve
1172 929 1190 948 a
1213 918 1301 948 libris
1319 917 1366 947 Β3
1392 921 1423 947 ct
1450 917 1507 950 154.
1537 918 1568 947 in
1592 917 1640 946 his
1664 922 1777 958 postea.
1803 927 1842 946 ex

190 975 281 1012 parte
307 971 447 1012 expleta.
493 970 545 1001 Ad
568 970 712 1001 codicem
735 970 778 1000 (¹³³
802 970 883 1001 haec
908 980 970 1000 non
997 970 1198 1011 perveniunt.
1224 973 1255 999 et
1280 972 1386 1010 potest
1411 969 1478 999 eius
1504 968 1712 1009 archetypum
1732 978 1842 1008 quam-

191 1033 286 1064 quam
310 1023 418 1053 classis
442 1022 603 1053 secundae
629 1026 661 1052 ct
684 1023 802 1063 ipsum.
835 1026 968 1052 eatenus
999 1022 1039 1052 ab
1073 1021 1250 1062 archetypo
1274 1021 1427 1051 librorum
1447 1020 1529 1051 GE⁴⁵
1553 1020 1712 1050 diversum
1738 1020 1843 1049 fuisse.

296 1083 432 1114 Praeter
448 1083 530 1114 hunc
547 1084 662 1114 librum
680 1083 826 1113 librarius
844 1083 1002 1124 princeps.
1027 1093 1043 1112 a
1069 1092 1130 1123 quo
1148 1081 1290 1123 pendent
1307 1081 1522 1112 contaminati.
1542 1080 1685 1111 adhibuit
1703 1079 1845 1110 codicem

194 1135 323 1176 originis
354 1135 509 1165 diversae.
561 1135 640 1165 Inde
670 1145 751 1176 quac
785 1134 975 1176 adsumpsit.
1005 1135 1036 1164 in
1068 1134 1211 1174 margine
1247 1144 1319 1164 eum
1349 1133 1552 1163 admntaxisse
1579 1132 1772 1173 exemplaris
1798 1131 1845 1161 sui

192 1187 309 1227 sumpti
338 1197 379 1217 ex
407 1187 508 1217 classe
539 1186 695 1217 secunda.
726 1186 865 1216 ostendit
896 1190 1003 1216 textus
1034 1186 1221 1226 plerumque
1254 1185 1373 1215 faciens
1405 1195 1475 1215 eum
1501 1194 1539 1214 ea
1563 1184 1659 1213 etiam
1683 1184 1713 1213 in
1749 1184 1846 1214 falsis.

191 1238 339 1279 Denique
364 1239 435 1269 libri
460 1238 656 1279 complures.
681 1238 711 1268 in
736 1238 784 1268 his
803 1238 1026 1271 Fan-nesianus.
1053 1236 1340 1277 dittographiarum
1366 1236 1501 1276 vestigia
1525 1246 1587 1265 non
1613 1246 1683 1265 rara
1708 1238 1846 1265 servant.

192 1289 369 1321 Videamus
386 1291 491 1331 igitur.
517 1290 603 1321 cuius
620 1290 748 1331 generis
766 1289 910 1320 codicem
928 1289 1160 1320 contaminator
1178 1287 1392 1329 adsumpserit
1415 1291 1446 1317 et
1464 1287 1623 1328 quomodo
1648 1287 1846 1328 propositum

193 1342 363 1383 peregerit.

297 1393 449 1424 Codicem
474 1404 546 1424 eum
572 1393 786 1434 adsumpsisse
810 1393 932 1434 primae
959 1393 1078 1429 elassis.
1103 1391 1135 1422 id
1159 1392 1244 1433 quod
1269 1392 1380 1422 statuit
1401 1391 1611 1427 Duchesnius.
1636 1391 1722 1421 nullo
1748 1389 1843 1420 modo

194 1448 300 1487 potest
324 1445 462 1476 admitti:
489 1456 562 1476 nam
587 1446 686 1476 multa
711 1445 828 1475 adiecit
853 1445 979 1475 omnino
1005 1445 1159 1485 genuina.
1186 1454 1267 1485 quae
1300 1444 1339 1473 ab
1374 1444 1440 1474 eius
1466 1443 1583 1473 ordinis
1607 1443 1694 1473 libris
1719 1442 1844 1472 absunt.

194 1497 335 1535 Minora.
367 1501 402 1528 ut
434 1497 637 1528 donariorum
671 1497 911 1538 supplementa.
946 1500 1077 1538 possunt
1108 1496 1204 1526 fuisse
1229 1496 1258 1526 in
1285 1496 1461 1536 exemplari
1487 1495 1594 1525 elassis
1620 1495 1687 1524 eius
1712 1493 1847 1523 Lucensi

197 1552 305 1579 nostro
328 1550 578 1590 praestantiore:
604 1548 662 1579 sed
680 1550 844 1579 enuntiata
869 1559 931 1578 non
956 1559 1059 1589 pauca
1083 1548 1113 1578 in
1132 1548 1279 1589 epitomis
1298 1547 1464 1578 redeuntia
1483 1547 1550 1577 sine
1570 1546 1665 1576 dubio
1684 1556 1725 1575 ex
1742 1548 1850 1575 nostra

197 1601 298 1631 classe
322 1602 425 1642 prima
448 1611 512 1632 non
537 1600 725 1631 exciderunt
750 1601 843 1642 culpa
867 1600 1077 1630 librariorum.

299 1661 456 1703 Epitomis
478 1662 553 1702 ipsis
570 1672 633 1691 non
650 1662 752 1702 magis
769 1672 843 1691 usus
862 1664 919 1695 est,
938 1671 1010 1690 naun
1029 1670 1221 1701 quamquam
1245 1659 1363 1700 passim
1388 1659 1676 1689 contaminatorum
1694 1657 1848 1687 lectiones

197 1713 317 1754 probae
343 1725 413 1744 cum
437 1714 473 1744 iis
498 1713 708 1749 consentiunt.
734 1713 824 1753 plura
849 1711 937 1742 dedit
962 1712 1194 1741 contaminator
1217 1711 1248 1740 in
1273 1711 1427 1751 epitomas
1452 1720 1511 1739 non
1536 1712 1676 1750 recepta.

302 1773 406 1804 buum
431 1775 527 1815 igitur
548 1776 695 1814 superest
719 1772 903 1802 adhibuisse
929 1783 1001 1802 eum
1027 1772 1195 1812 exemplar
1223 1774 1277 1800 aut
1307 1771 1403 1811 ipsius
1434 1770 1627 1799 recensionis
1652 1768 1763 1809 prioris
1789 1770 1846 1797 aut

197 1830 283 1855 certe
314 1825 388 1856 inde
420 1825 573 1867 pendens.
628 1825 675 1855 Ea
713 1836 782 1854 eum
819 1825 918 1854 multo
950 1825 1052 1864 magis
1085 1823 1262 1853 consentiat
1291 1833 1361 1852 cum
1391 1822 1490 1851 classe
1521 1822 1622 1862 prima
1651 1830 1745 1861 quam
1779 1829 1848 1849 cum

197 1878 308 1908 altera.
333 1888 415 1919 quae
440 1878 470 1907 in
495 1877 718 1907 contaminatis
744 1887 814 1906 cum
840 1877 892 1906 illa
917 1876 1129 1906 (uluiveniunt.
1153 1874 1273 1916 puriter
1297 1884 1337 1903 ex
1362 1874 1463 1914 prima
1498 1873 1637 1903 editione
1662 1872 1727 1912 peti
1754 1874 1844 1911 pot-u-

199 1933 300 1959 erunt.
348 1929 474 1959 Deinde
499 1932 585 1959 recte
611 1929 655 1958 sie
680 1928 859 1969 explicatur
877 1938 1048 1958 consensus
1068 1927 1355 1957 contunliuatorum
1375 1936 1445 1955 eum
1464 1925 1612 1965 epitomis
1637 1927 1668 1953 et
1692 1923 1722 1953 in
1741 1922 1850 1963 spatiis

199 1982 441 2022 episcopatuum
477 1985 508 2011 et
536 1981 567 2011 in
597 1980 824 2010 additamentis
853 1984 885 2009 et
913 1979 1071 2009 interdum
1103 1979 1200 2008 etiam
1226 1981 1293 2018 (113Ἶ
1311 1982 1348 2007 :ol
1374 1978 1403 2007 in
1435 1978 1537 2006 forma
1563 1975 1751 2005 verborum:
1784 1974 1850 2014 epi-

200 2036 306 2063 tomae
333 2033 417 2063 enim
442 2033 546 2063 factae
571 2036 642 2062 sunt
667 2031 707 2062 ad
733 2032 906 2062 editionem
932 2032 1081 2072 priorem.

302 2093 405 2134 Ipsius
446 2092 592 2123 editionis
632 2093 744 2133 prioris
780 2093 908 2133 plenum
951 2091 1135 2132 exemplum
1178 2091 1231 2120 vix
1269 2089 1380 2119 habuit
1419 2089 1660 2118 contaminator.
1724 2085 1851 2115 Absunt

200 2145 283 2175 enim
313 2155 331 2174 a
361 2145 461 2175 classe
497 2145 591 2174 tertia
622 2144 779 2185 quaedam
813 2145 931 2174 omissa
963 2144 993 2173 in
1028 2144 1168 2184 epitome
1202 2146 1352 2182 utraque.
1387 2140 1444 2170 scd
1469 2140 1508 2170 ud
1534 2141 1635 2181 ipsum
1660 2137 1852 2168 recensionis

200 2197 312 2238 prioris
343 2200 505 2227 auctorem
535 2195 716 2227 referenda.
763 2196 812 2226 [ta
843 2206 883 2226 cx
908 2196 984 2225 locis
1009 2195 1132 2225 duobus
1165 2194 1204 2224 de
1231 2194 1311 2223 Lino
1345 2196 1376 2222 et
1401 2192 1492 2222 Gleto
1519 2194 1560 2229 ‹1:5.
1577 2203 1597 2220 4.
1626 2192 1653 2225 7.
1670 2196 1693 2220 sl
1718 2189 1853 2219 ¹alterum

201 2249 349 2278 omittunt
377 2252 441 2278 tam
463 2248 508 2279 (9¹³
534 2259 628 2289 quam
648 2248 707 2281 12¹⁶.
738 2248 875 2278 alterum
910 2248 962 2278 ille
998 2248 1100 2283 solus.
1132 2246 1368 2277 consentientes
1397 2245 1427 2274 in
1460 2254 1497 2273 ea
1530 2253 1562 2272 re.
1593 2253 1663 2272 cum
1696 2240 1852 2281 epitomis,

201 2311 219 2330 a
244 2300 357 2341 quibus
381 2301 509 2332 absunt:
535 2301 684 2330 omittunt
701 2300 775 2329 item
797 2300 866 2329 aliis
886 2300 962 2329 locis
987 2301 1053 2335 (74,
1071 2312 1089 2328 ;;4
1117 2300 1222 2331 §22:147
1247 2297 1367 2326 minora
1394 2294 1562 2336 quaedam.
1589 2303 1669 2334 (luae
1696 2293 1771 2322 item
1797 2291 1850 2320 ab—

203 2355 273 2381 sunt
303 2351 342 2381 ab
369 2351 532 2392 epitomis.
558 2350 671 2381 adsunt
696 2352 726 2381 in
751 2351 993 2392 exemplaribus
1019 2350 1213 2380 recensionis
1239 2349 1353 2389 plenae
1380 2347 1534 2377 omnibus.
1586 2345 1693 2375 l'otest
1719 2353 1852 2373 consen-

203 2414 255 2433 sus
280 2404 376 2433 ctiam
401 2404 462 2433 alio
488 2402 582 2433 morlo
608 2403 775 2444 explicari:
800 2403 1004 2432 nihilominus
1030 2401 1197 2443 probabile
1229 2404 1277 2430 est
1308 2400 1355 2429 his
1385 2399 1462 2428 locis
1488 2396 1627 2438 pendere
1657 2395 1853 2425 contamina>

203 2458 307 2485 torem
333 2465 372 2484 ex
400 2455 541 2495 epitoma
565 2455 718 2495 pleniore.
744 2455 831 2484 euius
856 2466 951 2495 supra
976 2463 1018 2495 lp.
1040 2453 1128 2484 XIV.
1154 2452 1246 2482 OXH
1262 2458 1344 2492 seq.)
1371 2449 1568 2479 ostendimus
1595 2448 1672 2478 duas
1698 2457 1751 2477 ens
1777 2456 1854 2486 quas

204 2506 359 2547 habemus
385 2517 454 2536 esse
480 2506 647 2536 breviaria.
688 2506 833 2538 Accedit.
859 2505 889 2536 id
916 2505 1000 2546 quod
1025 2505 1125 2535 maius
1149 2506 1346 2534 momentum
1371 2502 1479 2532 habet.
1506 2499 1590 2541 quod
1616 2502 1686 2540 post
1711 2502 1854 2528 aetatem

203 2557 492 2588 Theodericianam
516 2558 624 2588 classis
657 2558 769 2587 tertiae
802 2558 1001 2598 exemplaria
1033 2556 1226 2586 recensionis
1257 2565 1276 2584 a
1308 2554 1399 2583 solita
1424 2553 1569 2582 diversae
1602 2549 1737 2590 vestigia
1767 2552 1855 2579 certa

204 2610 290 2640 nulla
313 2609 528 2651 suppeditant.
576 2608 647 2639 Hoc
673 2612 758 2639 reete
788 2609 1011 2650 explicabitur,
1039 2608 1091 2637 ubi
1117 2616 1279 2636 sumemus
1305 2605 1467 2646 epitomen
1492 2603 1645 2633 maiorem
1672 2602 1788 2631 factam
1816 2598 1856 2629 ad

203 2661 428 2701 explicandum
453 2671 564 2702 corpus
587 2661 896 2690 Sanetinmurianum
922 2671 983 2689 non
1002 2659 1187 2700 pervenisse
1213 2657 1253 2687 ad
1271 2660 1416 2697 tempora
1434 2653 1637 2684 Theoderico
1663 2652 1852 2693 posteriora.

307 2720 548 2751 Contaminator
583 2731 696 2761 corpus
729 2721 863 2750 vitarum
900 2719 1059 2761 quonnjulo
1095 2718 1238 2748 tractarit
1268 2717 1293 2746 si
1328 2715 1527 2756 quaerimus,
1558 2714 1660 2743 nullus
1692 2722 1732 2742 ex
1771 2711 1857 2741 libris

206 2783 300 2814 supra
335 2774 437 2803 citatis
473 2773 557 2803 solus
593 2772 722 2810 sufficit.
753 2782 810 2802 nec
840 2772 952 2812 potuit.
1011 2770 1092 2800 Nam
1121 2770 1188 2799 sine
1224 2767 1321 2798 dubio
1354 2777 1428 2797 usus
1460 2764 1699 2806 exemplaribus
1734 2763 1858 2793 duobus

204 2823 245 2853 ad
272 2825 318 2854 sui
343 2825 520 2865 marginem
545 2824 686 2854 diversas
711 2824 864 2854 lectiones
883 2823 1001 2864 passim
1020 2821 1184 2852 adnotavit
1206 2819 1280 2850 inde
1301 2820 1386 2850 varie
1413 2818 1581 2847 translatas
1607 2817 1637 2846 in
1656 2815 1858 2856 exemplaria
