2245 3213
406 202 465 228 ClV
1096 204 1378 232 PROLEGOMENA.

407 291 552 332 sequitur
576 291 724 322 classium
751 291 872 332 primae
905 290 1131 332 secundaeque
1163 291 1212 331 (ut
1236 293 1313 330 29,3
1341 292 1472 322 retinuit
1500 292 1537 323 dc
1568 292 1700 326 celerino
1729 294 1863 336 lectore).
1914 295 1976 326 Hic
2000 295 2064 326 illic

408 345 473 382 1131.
493 356 523 373 ιο.
566 345 632 381 151,
651 342 751 379 sect.)
786 345 943 384 apparent
976 343 1239 384 interpolationes
1273 343 1431 384 repetitae
1463 354 1504 374 ex
1538 345 1679 386 epitome
1704 346 1778 377 Ζῑ·2
1807 347 1990 389 pertinente
2023 346 2065 378 ad

409 396 544 426 classem
570 395 715 436 primam.

512 455 681 486 Accedunt
706 458 835 496 praeter
859 454 1016 495 epitomas
1040 464 1136 495 supra
1158 454 1189 485 in
1214 455 1361 486 classium
1392 465 1559 486 recensum
1590 460 1738 499 receptas
1768 458 1851 489 aliae
1882 461 1947 490 tam
1976 459 2064 490 visae

411 508 486 539 mihi
513 518 608 549 quam
632 517 695 537 non
719 507 816 545 visae,
842 516 975 548 quorum
998 506 1151 537 librorum
1176 507 1312 538 sufficiet
1335 506 1396 537 hoc
1418 507 1488 538 loco
1513 507 1650 539 indicem
1675 510 1857 542 subiecisse.

566 568 730 598 Caesenas
747 566 990 598 Malatestianus
1007 566 1135 606 XXIII,
1155 568 1173 597 2
1198 566 1248 598 cd.
1265 567 1440 598 Mucciolus
1465 567 1594 623 stadem
1614 603 1631 624 e
1659 595 1681 625 ‚t
1787 595 1816 627 D
1859 596 1870 627 l
1945 596 2048 627 CCIII

617 622 678 649 cat.
703 618 795 649 codd.
820 629 893 649 mss.
919 618 1147 649 Caesenatium
1172 620 1284 658 (1780)
1309 620 1338 658 2,
1357 620 1428 650 253.
1464 624 1472 667 1
1635 604 1666 635 pl
1685 597 1783 637 ome(
1820 607 1931 638 uel'p'
2054 597 2065 637 )

569 671 743 701 Vaticanus
774 672 861 701 1464.

569 723 752 753 Assisianus
778 724 838 753 227
864 722 981 762 (Duch.
1008 733 1036 764 p.
1055 721 1186 754 CCIII).

565 775 712 813 Alencon
738 775 755 804 2
779 774 894 814 (Duch.
920 785 949 815 p.
968 774 1088 809 CCIII3
1118 773 1185 805 Cat.
1207 774 1273 813 9622.
1298 774 1352 804 des
1374 785 1445 806 mss.
1470 775 1523 806 des
1545 775 1612 816 dcl).
1638 777 1656 806 2
1680 786 1708 807 a.
1737 778 1812 809 1888
1837 788 1867 819 p.
1886 778 1973 818 473).

569 827 731 857 Parisinus
761 829 861 857 15149
887 826 1004 867 (Duch.
1030 837 1060 868 p.
1078 825 1206 866 CCIV).

566 878 713 909 Abbonis
737 878 952 909 Floriacensis
986 877 1035 909 ed.
1068 878 1100 908 in
1135 877 1186 908 ed.
1220 877 1291 908 libri
1327 878 1518 919 pontificalis
1547 879 1736 921 Moguntina
1767 892 1794 912 a.
1820 883 1898 913 1602
1930 881 1972 912 ad
1996 881 2065 912 cod.

620 930 861 961 Floriacensem
886 930 1005 971 (Duch.
1030 941 1059 971 p.
1078 929 1206 971 CCIV).

568 982 795 1013 Casanatensis
812 984 894 1012 2010
920 982 971 1022 (B.
985 982 1024 1012 V.
1044 983 1104 1022 17),
1122 981 1294 1023 aliquando
1310 981 1474 1013 Farfensis
1497 982 1614 1024 (Duch.
1640 984 1654 1014 I
1679 995 1708 1026 p.
1727 983 1838 1016 CCIV.
1856 984 1888 1015 II
1905 995 1935 1026 p.
1953 984 2066 1021 XVII;

622 1034 733 1075 Giorgi
757 1034 897 1064 archivio
921 1033 1002 1064 della
1025 1045 1083 1064 soc.
1111 1033 1259 1064 Romana
1283 1033 1316 1064 de·
1339 1034 1438 1064 storia
1455 1035 1569 1073 patria
1592 1036 1653 1067 vol.
1672 1037 1712 1067 20
1737 1047 1767 1078 p.
1786 1037 1872 1075 278).

569 1086 739 1117 Leidensis
764 1086 992 1128 Scaliger-anus
1017 1089 1056 1117 49
1082 1086 1198 1127 (Duch.
1224 1097 1254 1127 p.
1274 1084 1402 1127 CCIV).

572 1138 833 1169 Vindobonensis
859 1140 919 1169 748
945 1138 1062 1179 (Duch.
1088 1149 1117 1180 p.
1136 1137 1246 1177 CCV).

570 1190 822 1231 Rotomagensis
846 1191 875 1221 U
899 1192 938 1222 84
965 1190 1082 1231 (Duch.
1108 1201 1137 1232 p.
1157 1190 1269 1231 CCV).

572 1242 748 1273 Vaticanus
776 1244 855 1273 1364

572 1294 746 1325 Vaticanus
771 1296 852 1325 6381

574 1347 751 1377 Vaticanus
776 1348 832 1377 341
863 1346 982 1386 (Duch.
1007 1356 1037 1387 p.
1056 1345 1167 1387 CCV).

575 1398 752 1429 Vaticanus
782 1399 859 1429 1348
885 1397 1003 1434 (Duch.
1028 1408 1056 1439 p.
1076 1397 1206 1437 CCVI).

572 1450 742 1481 Leidensis
759 1450 936 1480 Vossianus
962 1450 999 1484 Q.
1024 1451 1058 1480 12
1084 1449 1204 1490 (Duch.
1229 1461 1258 1491 p.
1277 1449 1405 1489 CCVI).

518 1511 728 1543 Recensionis
760 1510 997 1541 Ademarianae
1031 1521 1114 1541 saec.
1136 1510 1183 1541 XI
1214 1517 1325 1552 (supra
1349 1522 1377 1552 p.
1396 1510 1505 1552 XCII)
1531 1511 1696 1552 epitomen
1727 1511 1848 1543 habent
1871 1511 1975 1543 iudice
1999 1512 2067 1543 Du-

416 1564 545 1595 chesnio
570 1564 641 1594 libri
665 1567 730 1594 tres
755 1563 801 1594 hi:

571 1625 734 1656 Parisinus
759 1626 841 1655 2400
876 1634 959 1654 saec.
985 1623 1033 1654 XI
1064 1623 1179 1659 (Duch.
1204 1635 1234 1666 p.
1258 1623 1466 1656 CLXXXII:
1501 1624 1624 1655 Delisle
1656 1623 1772 1654 notices
1801 1626 1829 1654 et
1857 1624 1990 1655 eoetraz'ts
2018 1624 2071 1655 des

622 1687 693 1707 mss.
718 1677 781 1707 vol.
799 1678 849 1710 35.
873 1678 883 1706 l
910 1686 939 1707 a.
964 1677 1039 1707 1896
1065 1687 1095 1718 p.
1113 1678 1174 1707 296
1189 1677 1269 1718 seq.)
1301 1676 1436 1717 scriptus
1464 1676 1652 1707 moderante
1676 1674 1852 1708 Ademaro.
1898 1675 2070 1718 Specimen

624 1728 759 1769 sumpsit
774 1727 895 1758 Vidier.

573 1780 736 1811 Parisinus
762 1781 844 1810 2268
869 1790 955 1811 saec.
972 1779 1021 1810 XI
1045 1779 1164 1820 (Duch.
1191 1791 1219 1821 p.
1238 1779 1466 1819 CLXXXIV).
1515 1779 1686 1820 Specimen
1710 1779 1845 1821 sumpsit
1868 1778 1966 1810 idem.

574 1833 739 1864 Parisinus
765 1834 846 1862 5517
873 1842 958 1863 saec.
976 1832 1023 1862 XI
1049 1832 1167 1873 (Duch.
1192 1843 1222 1873 p.
1240 1831 1468 1871 CLXXXIV).

923 1267 974 1299 ed.
1000 1267 1217 1299 Schelestrate
1242 1271 1306 1300 ant.
1333 1268 1409 1298 eccl.
1440 1270 1463 1307 1,
1482 1270 1545 1299 644
1572 1268 1689 1310 (Duch.
1715 1281 1744 1312 p.
1763 1269 1872 1310 CCV).

524 1894 703 1925 Cardinalis
733 1892 869 1924 Bosonis
899 1892 938 1923 de
971 1892 1043 1923 vitis
1072 1903 1226 1934 paparum
1254 1893 1453 1923 collectanea
1486 1891 1601 1930 (Duch.
1628 1891 1688 1922 vol.
1707 1893 1724 1921 2
1755 1902 1783 1933 p.
1807 1891 1970 1922 XXXVII
1991 1892 2070 1933 seq.)

420 1947 583 1989 applicata
607 1945 648 1976 ad
666 1945 775 1976 Cencii
792 1945 907 1975 librum
933 1955 1096 1984 censuum⁷
1121 1948 1249 1976 servata
1274 1945 1305 1975 in
1330 1944 1398 1975 cod.
1422 1944 1608 1974 Florentino
1626 1942 1838 1974 Riccardiano
1856 1945 1915 1974 228
1933 1942 2071 1984 indeque

419 2002 598 2042 propagata
625 1999 657 2029 in
685 1997 764 2028 alios
795 1997 990 2037 complures,
1026 2007 1089 2027 non
1125 1997 1314 2038 perveniunt
1343 1996 1401 2027 nisi
1432 1995 1474 2026 ad
1509 1996 1686 2026 Iohannem
1710 1994 1776 2025 XII
1805 1995 1880 2035 (955
1895 1996 2003 2035 -964)
2038 1998 2071 2025 et

420 2052 460 2083 ad
486 2056 632 2092 tempora
658 2049 835 2090 posteriora
859 2059 878 2078 a
901 2048 1013 2079 Leone
1038 2049 1087 2079 IX
1112 2048 1351 2088 (mm—1054)
1376 2047 1417 2078 ad
1441 2046 1662 2078 Alexandrum
1686 2046 1735 2077 III
1760 2046 2014 2087 (1159—1181).

523 2111 717 2142 Lambertus
739 2109 909 2139 canonicus
926 2109 1026 2139 sancti
1043 2108 1219 2139 Audomari
1237 2108 1442 2139 collectaneis
1465 2108 1538 2145 51115,
1564 2107 1677 2148 quibus
1694 2106 1852 2137 Florid‘tm
1875 2107 2067 2137 vocabulum

421 2164 588 2206 imposuit.
618 2163 701 2193 inter
733 2172 760 2192 a.
786 2163 861 2191 11211
892 2165 923 2191 et
953 2163 1029 2191 1121
1056 2161 1209 2191 confectis
1232 2161 1315 2191 inter
1338 2160 1402 2190 alia
1425 2160 1557 2190 inseruit
1580 2159 1679 2189 multa
1713 2168 1753 2189 ex
1778 2158 1858 2189 libro
1884 2158 2067 2199 pontificali,

421 2217 509 2248 cuius
534 2215 574 2246 ad
599 2218 723 2256 partem
750 2223 835 2251 eam,
862 2223 957 2254 quam
981 2223 1038 2243 nos
1063 2212 1200 2251 edimus,
1226 2212 1371 2243 adhibuit
1395 2211 1537 2242 codicem
1563 2214 1636 2241 tunc
1661 2210 1949 2249 Audomarensem,
1974 2210 2069 2240 hodie

423 2268 670 2299 Bruxellensem
694 2265 786 2296 nobis
802 2264 860 2295 B³=2
892 2268 1087 2306 quapropter
1121 2265 1196 2295 satis
1225 2264 1321 2295 habui
1351 2263 1525 2294 secundum
1550 2262 1769 2293 Duchesnium
1794 2273 1823 2303 p.
1844 2261 2071 2292 CLXXXV—

575 2378 756 2411 Gandensis
789 2380 823 2408 1ss
849 2377 1045 2418 archetypus
1069 2378 1205 2419 scriptus
1229 2377 1269 2408 ab
1295 2380 1436 2408 auctore.

579 2434 855 2475 Cantabrigiensis
881 2433 954 2464 ΚΚ.
982 2433 1037 2465 IV.
1064 2436 1081 2463 6
1106 2435 1160 2474 (z
1186 2433 1294 2473 2021).

580 2491 852 2532 Guelferbytanus
877 2490 1043 2521 Gudianus
1074 2493 1096 2520 1.

578 2547 740 2588 Hagensis
766 2548 836 2577 759.

579 2603 748 2634 Leidensis
766 2602 941 2633 Vossianus
965 2602 1019 2632 fol.
1039 2603 1090 2632 31.

580 2659 757 2689 Duacensis
782 2660 852 2689 796.

581 2715 741 2745 Parisinus
767 2716 860 2745 5565.

582 2770 742 2800 Parisinus
766 2772 859 2800 9675.

584 2825 763 2856 Genucnsis
787 2826 862 2856 bibl.
887 2825 1116 2856 Durazzianae.
