2245 3213
882 192 1162 219 PROLEGOMENA.
1779 196 1845 222 XIII

304 281 338 312 el.
356 281 421 312 III
440 283 469 311 et
491 280 562 319 ipsa
584 279 675 310 titulo
698 282 801 312 caret:
829 282 908 310 certe
935 279 1043 310 mellus
1066 282 1111 310 est
1133 280 1168 310 in
1193 280 1239 310 El
1264 290 1360 319 neque
1383 283 1456 311 ante
1478 280 1629 319 epistulas
1651 291 1749 320 neque
1771 284 1845 313 ante

406 333 487 363 vitas
509 342 660 371 quemque
684 331 774 362 habet
796 331 851 363 ΕΘ,
875 331 958 362 venit
981 341 1001 362 α
1024 331 1154 363 librario
1177 332 1286 370 ipsius.

304 385 431 424 epitome
454 383 621 415 Felicsiana
645 383 737 414 titulo
760 386 854 414 emal.

304 437 453 476 epitomae
480 435 680 466 Canonicmae
697 435 945 473 praeseribitmz·
970 434 1046 465 ordo
1072 435 1294 477 episcoporum
1320 435 1454 468 Romae.

202 497 331 529 Subieci
354 497 584 527 intitulationes
608 495 760 526 librorum
782 494 980 536 quorundam
999 494 1193 526 deteriorum
1218 497 1284 527 sine
1310 496 1406 527 dubio
1431 507 1449 527 a
1472 497 1608 527 librariis
1631 497 1844 537 excogitatas:

303 553 370 584 A'2:
394 553 561 597 catalogus
583 551 829 592 apostolicorum
853 549 986 580 Damasi
1009 549 1050 580 ad
1073 549 1299 582 Hieronimum
1317 554 1390 590 post
1413 551 1574 590 (petulas.

304 605 369 636 A4:
392 607 485 646 gesta
508 604 704 645 pontificum.

305 658 345 697 Q:
369 659 461 698 gesta
484 656 652 687 beatorum
677 655 895 686 Romanorum
925 653 1109 695 pontificum
1134 664 1151 684 a
1176 654 1362 685 beatissimo
1387 655 1528 685 Damaso
1558 665 1643 696 papa
1667 655 1847 695 conscripta

405 719 447 739 ex
469 711 584 749 rogatu
608 707 759 738 Ieronimi
782 706 952 747 presbiteri
976 706 1011 736 ‘in
1031 706 1094 744 fine
1117 706 1264 737 vitarum.

304 761 366 791 E⁶s
389 760 538 791 chronica
560 759 755 801 pontificum.

307 811 347 843 C'1
370 814 442 842 ante
465 811 631 851 epistulas:
656 810 804 852 capitula.
841 808 918 839 ordo
937 809 1159 850 episcoporum
1177 809 1263 840 sedis
1281 809 1476 850 apostolicae
1494 810 1660 840 Romanae
1680 809 1846 847 ecclesiae,

406 866 478 894 ante
502 863 598 893 vitas:
623 862 701 893 ordo
727 872 753 892 e.
773 873 795 892 s.
813 872 841 892 a.
866 864 995 891 sanctae
1021 861 1176 891 ecclesiae
1199 860 1366 892 Romanae
1392 861 1569 892 beatissimi
1593 861 1744 902 principis
1768 870 1846 901 apo-

406 915 559 946 stolorum
582 914 671 945 Petri
694 914 734 944 ab
758 914 827 954 ipso
852 913 1032 944 inchoante.

304 966 362 997 P1:
385 967 539 1008 incipiunt
563 966 703 1007 capitula
726 968 799 995 (cute
824 965 912 995 vitas.

302 1019 437 1049 recensio
464 1017 632 1048 Guillermz'
654 1015 775 1055 (Duelz.
792 1018 812 1044 ,2
831 1026 864 1054 J).
884 1015 1016 1054 XXV).-
1045 1016 1144 1046 series
1167 1016 1353 1057 pontificum
1377 1016 1597 1047 Romanorum
1630 1015 1682 1057 qui
1715 1015 1745 1045 in
1769 1014 1846 1045 sede

405 1070 494 1101 beati
517 1069 605 1100 Petri
628 1078 727 1110 usque
753 1067 793 1098 ad
818 1067 878 1098 hoc
902 1070 1028 1108 tempus
1053 1067 1214 1098 sederunt.

302 1122 491 1153 ·›·ecensionis
517 1121 621 1160 factae
648 1120 705 1151 sub
728 1119 874 1150 Blarz‘ino
895 1118 924 1149 V
944 1120 978 1157 (†
1009 1118 1101 1153 1431)
1128 1119 1288 1157 pracfatio
1317 1120 1427 1157 incipit
1454 1119 1516 1149 sie:
1547 1119 1628 1149 liber
1655 1119 1715 1149 iste
1739 1118 1847 1148 intitu-

405 1174 489 1204 latur
511 1173 671 1204 Damasus
695 1171 735 1202 de
760 1171 858 1212 gestis
882 1171 1076 1212 pontificum.

303 1234 478 1265 Auctorem
496 1234 703 1265 vetustiorem
722 1232 773 1273 qui
791 1232 905 1262 librum
922 1231 1108 1261 nominatim
1127 1231 1203 1262 citet
1224 1231 1381 1261 habemus
1398 1231 1527 1262 nullum.
1565 1231 1601 1261 In
1618 1230 1848 1272 martyrologio

201 1286 287 1327 quod
312 1286 369 1317 sub
386 1286 498 1317 Bedae
522 1286 649 1316 nomine
675 1285 774 1315 fertur
791 1283 831 1314 ad
848 1283 930 1314 VIII
954 1283 995 1314 id.
1013 1282 1096 1324 Aug.
1115 1283 1202 1317 (vide
1222 1294 1252 1324 p.
1267 1284 1320 1324 34)
1346 1283 1516 1313 laudantur
1535 1286 1620 1322 {ses-m
1634 1281 1849 1321 pontisimle'n:

199 1338 257 1369 sub
290 1338 405 1369 eodem
433 1338 524 1368 titulo
554 1337 635 1368 liber
665 1336 834 1377 adlegatur
864 1346 882 1366 a
906 1346 992 1377 papa
1015 1335 1149 1366 Nicolao
1174 1335 1189 1366 I
1213 1336 1243 1365 in
1269 1335 1405 1377 epistula
1434 1336 1552 1376 scripta
1575 1346 1602 1366 a.
1621 1336 1682 1366 §518
1709 1342 1753 1375 (pp.
1772 1336 1849 1367 216>

200 1394 232 1420 et
255 1401 273 1420 a
297 1390 437 1421 Rodulfo
460 1389 614 1420 Fuldensi
639 1391 673 1429 (ἢ
698 1388 774 1425 565)
800 1392 831 1418 et
855 1388 895 1418 ab
920 1387 1094 1418 Hincmaro
1119 1387 1273 1418 Remensi
1299 1389 1331 1425 (ἢ
1349 1388 1434 1425 882),
1460 1397 1652 1428 quamquam
1679 1386 1727 1416 hic
1752 1387 1848 1416 etiam

199 1441 273 1472 libre?
296 1442 347 1473 vel
371 1442 487 1472 codicis
510 1440 693 1480 episczfflalis
710 1441 800 1470 titulo
825 1440 923 1470 utitur
948 1438 1032 1477 (vide
1050 1439 1132 1469 infra
1149 1439 1231 1469 inter
1248 1439 1427 1480 excerpta).
1463 1438 1568 1469 Etiam
1594 1438 1736 1468 codicum
1761 1441 1848 1468 cata—

198 1494 264 1535 logi
293 1494 488 1535 antiquiores
516 1493 571 1524 ubi
599 1493 713 1523 librum
744 1495 929 1529 recensent,
965 1494 1087 1532 ponunt
1113 1494 1199 1530 (nasta
1223 1491 1412 1529 pontisimam
1443 1490 1656 1521 Romanorum
1687 1489 1737 1520 vel
1766 1492 1850 1528 yesla

194 1545 381 1584 pontificma
405 1545 489 1576 nude
513 1544 655 1583 (Becker
679 1544 818 1584 catalogi
842 1543 1109 1574 bibliothecarum
1135 1543 1257 1584 antiqui
1274 1545 1291 1573 S
1316 1553 1344 1573 n.
1371 1545 1442 1573 1052
1472 1544 1507 1573 12
1532 1553 1561 1573 n.
1586 1544 1636 1572 17:
1662 1543 1701 1572 22
1726 1552 1754 1572 n.
1774 1543 1850 1572 225:

200 1599 238 1627 37
264 1608 292 1628 n.
310 1598 373 1636 85).

301 1658 416 1700 Itaque
441 1662 552 1689 auctor
574 1658 655 1688 libro
680 1657 805 1687 titulum
828 1656 948 1686 nullum
966 1655 1092 1686 indidit:
1117 1654 1288 1693 ‹piscopalr’
1307 1655 1358 1685 vel
1375 1654 1452 1685 liber
1469 1654 1653 1693 episcopalis
1670 1654 1851 1695 appellatur

198 1721 310 1752 parum
340 1716 415 1752 apte
440 1710 609 1741 deficiente
636 1709 904 1739 determinatione
930 1708 1057 1738 omnino
1088 1707 1286 1737 necessaria:
1316 1709 1401 1744 mssa
1423 1706 1607 1744 pontificum
1634 1705 1848 1735 Romanorum

198 1762 249 1792 vel
265 1762 453 1800 pontificum
483 1761 567 1792 nude
592 1765 627 1791 ut
651 1764 759 1802 aptum
785 1764 849 1799 est,
881 1760 925 1790 ita
949 1760 1077 1790 omnino
1108 1758 1257 1789 effectum
1289 1768 1329 1788 ex
1355 1758 1498 1799 epistulis
1522 1757 1735 1798 praefatoriis.
1782 1756 1848 1787 Nos

198 1814 383 1844 retinuimus
407 1823 523 1844 nomen
548 1813 643 1843 hodie
669 1813 845 1853 vulgatum.

302 1873 494 1905 Accedimus
518 1873 558 1904 ad
583 1874 803 1914 quaestionem
829 1876 861 1902 et
885 1872 1104 1912 gravissimam
1129 1874 1160 1901 et
1184 1870 1392 1912 perplexam,
1422 1869 1549 1911 quando
1575 1879 1688 1910 corpus
1714 1869 1848 1899 vitarum

197 1929 339 1956 nostrum
369 1926 463 1956 scribi
496 1929 645 1967 coeptum
671 1925 718 1955 sit.
770 1924 851 1955 Late
883 1923 921 1954 do
954 1934 992 1954 ea
1021 1934 1054 1953 re
1080 1929 1111 1953 et
1135 1923 1186 1952 vel
1210 1923 1350 1952 maxime
1381 1926 1489 1952 nostra
1513 1925 1621 1952 aetate
1652 1921 1709 1951 viri
1734 1921 1847 1951 eruditi

198 1977 401 2008 dissentiunt:
435 1977 476 2008 ad
511 1978 681 2018 septimum
718 1977 880 2007 saeculum
919 1980 1098 2005 extremum
1136 1974 1207 2004 libri
1243 1974 1398 2015 originem
1434 1973 1626 2004 rettulerunt
1661 1976 1693 2003 et
1729 1973 1781 2002 alii
1817 1977 1849 2002 et

198 2029 354 2060 &Vaitzius
382 2030 491 2070 (nones
514 2029 632 2059 Archiv
663 2031 691 2065 4,
711 2030 781 2060 224.
807 2032 835 2061 s,
856 2028 946 2062 -lssfflz
981 2030 1073 2057 sexto
1105 2027 1277 2067 incipiente
1312 2036 1383 2056 eum
1416 2025 1578 2056 conditum
1611 2034 1681 2054 esse
1714 2024 1849 2054 obtinuit

199 2082 319 2123 opinio,
349 2091 391 2112 ex
415 2092 476 2122 quo
510 2081 638 2123 publice
662 2080 779 2122 prodiit
804 2080 906 2110 forma
930 2079 1036 2120 operis
1061 2079 1173 2109 finiens
1197 2078 1226 2108 in
1252 2077 1361 2108 Felice
1386 2077 1432 2107 IV
1458 2077 1592 2107 defensa
1620 2076 1703 2106 inter
1727 2076 1806 2105 alios
1830 2086 1848 2106 a

199 2133 428 2164 Schelestratio
460 2133 569 2174 (antiq.
597 2132 672 2163 eccl.
698 2135 719 2168 l,
739 2134 798 2162 354
814 2131 906 2172 seq).
932 2131 1132 2171 eandemque
1151 2134 1183 2160 et
1200 2129 1332 2160 Rossius
1350 2133 1533 2160 constanter
1557 2128 1659 2158 tenuit
1683 2131 1714 2157 et
1730 2137 1846 2168 nuper—

197 2185 294 2215 rimus
327 2184 430 2215 editor
458 2185 658 2215 Duchesnius
688 2184 795 2214 multis
827 2183 979 2214 defendit.
1024 2182 1172 2213 Pendent
1202 2192 1221 2211 a
1255 2181 1522 2212 determinatione
1557 2190 1596 2210 ea
1632 2180 1772 2209 maxime
1808 2178 1847 2209 dc

197 2237 411 2267 institutorum
429 2237 717 2268 ecclesiasticorum
742 2235 922 2277 primordiis
940 2238 1014 2265 ante
1032 2235 1114 2264 hunc
1131 2234 1245 2264 librum
1263 2244 1326 2263 nou
1344 2236 1592 2263 memoratorum
1611 2231 1846 2261 controversiae

197 2299 255 2319 nec
273 2299 394 2329 paucae
412 2299 470 2319 nee
487 2289 585 2320 leves,
621 2287 852 2329 Expendamus
869 2290 1067 2328 argumenta.
1106 2285 1238 2316 Dicetur
1254 2285 1390 2326 primum
1409 2284 1448 2314 ‹le
1466 2283 1608 2314 terminis
1625 2293 1703 2323 quos
1721 2282 1846 2313 codices

197 2340 418 2382 suppeditant;
445 2339 559 2370 deinde
577 2350 777 2381 quaeremus,
803 2340 855 2380 qui
879 2342 1026 2369 auctores
1050 2338 1110 2368 hoc
1135 2347 1268 2378 corpore
1293 2340 1347 2367 aut
1370 2347 1433 2366 non
1450 2336 1496 2366 usi
1521 2335 1581 2365 sint
1605 2338 1658 2365 aut
1683 2335 1744 2365 usi:
1770 2335 1846 2364 item

198 2402 356 2433 quaenam
388 2392 540 2433 temporis
570 2391 687 2422 indicia
720 2395 868 2422 auctores
893 2390 1099 2432 suppeditent
1123 2400 1141 2420 a
1165 2389 1306 2430 corporis
1331 2387 1496 2419 conditore
1527 2386 1676 2417 adhibiti:
1709 2385 1846 2426 denique

198 2443 386 2481 videbimus,
410 2442 563 2484 numquid
587 2443 694 2483 colligi
719 2443 819 2484 possit
844 2453 885 2472 ex
909 2442 1060 2472 institutis
1085 2441 1114 2471 in
1139 2440 1220 2471 libro
1246 2439 1503 2471 commemoratis
1528 2441 1560 2468 et
1585 2449 1625 2468 ex
1651 2438 1719 2479 ipsa
1737 2448 1845 2468 narra-

198 2495 289 2526 tionis
322 2495 540 2536 sermonisque
572 2494 800 2535 aequabilitate
834 2494 883 2524 1*οΙ
915 2493 1109 2524 diversitate.
1156 2492 1211 2522 Bis
1243 2492 1434 2522 recensitum
1469 2500 1539 2521 esse
1572 2499 1686 2530 corpus
1711 2489 1844 2518 vitarum

198 2558 267 2578 cum
299 2557 341 2578 ex
364 2547 536 2578 lectionum
560 2546 682 2576 indiciis
712 2546 792 2576 infra
822 2546 965 2576 tractatis
997 2548 1084 2575 certo
1116 2544 1285 2581 efficiatur,
1321 2542 1520 2573 tractandum
1555 2545 1603 2572 est
1626 2541 1687 2571 hoc
1711 2541 1781 2571 loco
1806 2540 1845 2571 de

197 2603 305 2630 aetate
336 2599 483 2630 editionis
514 2599 688 2639 utriusque.
734 2597 828 2628 Prior
857 2608 926 2628 cum
960 2598 1027 2638 ipsa
1059 2607 1122 2626 non
1152 2596 1303 2637 supersit,
1333 2594 1492 2636 supersint-
1524 2596 1556 2623 et
1587 2593 1748 2634 epitomae
1779 2592 1846 2622 eius

198 2651 280 2682 duae
304 2654 336 2681 et
360 2654 514 2692 excerpta
537 2650 610 2680 inde
636 2653 763 2691 sumpta
790 2649 821 2679 in
847 2650 948 2679 classe
974 2649 1084 2685 tertia,
1110 2658 1204 2688 quani
1229 2647 1408 2677 videbimus
1433 2645 1680 2676 contaminatam
1706 2654 1776 2673 esse
1803 2654 1843 2673 ex

198 2703 390 2734 editionibus
415 2702 555 2740 duabus,
586 2702 730 2743 quaestio
764 2700 959 2731 instituenda
991 2704 1039 2730 est
1063 2699 1231 2740 tripertito,
1256 2697 1482 2739 agendumque
1511 2697 1647 2738 primum
1672 2695 1711 2726 de
1737 2698 1844 2725 aetate

197 2754 380 2785 Felicianae
411 2755 587 2796 epitomae,
622 2752 736 2784 deinde
762 2752 801 2782 de
826 2756 933 2782 aetate
961 2751 1184 2787 Cononianae,
1218 2749 1355 2790 denique
1385 2748 1573 2785 videndum,
1606 2758 1666 2788 quo
1699 2750 1844 2787 tempore

197 2806 305 2837 classis
330 2806 443 2836 tertiae
469 2805 755 2836 contaminatorum
780 2804 988 2844 archetypum
1013 2803 1165 2844 scriptum
1192 2802 1239 2831 sit.
