2245 3213
408 184 573 212 CXXXVIII
1095 180 1380 208 PROLEGOMENA.

512 272 526 302 f
546 274 573 301 ct
597 271 654 312 ph:
679 270 721 311 ph
747 270 779 300 in
806 269 937 299 Graccis
957 268 1141 307 plerumque
1163 271 1315 300 servatur,
1341 267 1472 308 arcmple'
1494 278 1594 298 (ἀιιεα
1619 267 1652 297 in
1676 266 1853 307 Cephaliua
1878 268 1941 305 (56,
1958 264 1996 307 ¹22)
2022 284 2060 287 —-

563 322 787 363 Eupliratonsc
813 324 878 362 (60,
892 320 918 352 ε)
936 339 975 342 Ἀ
995 320 1189 361 Sulphurata
1213 322 1279 361 (56,
1295 319 1345 361 ι9);
1370 318 1921 359 ‹⁷.1·‹·e)1tione›nf'avInntanaglyfum
1946 317 2012 358 (81,
2025 317 2061 357 ιο)

564 393 601 397 -
627 373 774 404 Eufeuiia
800 375 889 412 (mut.
920 372 953 402 in
976 371 1148 413 Euphiinia
1180 373 1245 409 117,
1263 372 1286 410 4)
1313 390 1351 393 μ
1376 370 1528 402 niuifeum
1562 389 1600 392 ——
1632 370 1822 412 purfuretic-
1847 370 1906 411 (sic
1923 368 2061 408 plerum-

562 436 633 465 que,
671 424 737 454 ride
761 435 780 454 u
801 434 859 462 pro
884 434 919 455 o:
948 434 1009 462 per
1039 423 1082 464 ph
1108 434 1169 453 mm
1201 421 1263 453 solo
1287 423 1350 453 {oro
1376 424 1426 457 57,
1443 425 1468 461 e)
1503 441 1543 444 —-
1575 422 1715 464 profetia
1740 420 1843 463 (21,7)
1883 439 1921 443 —
1958 421 2062 462 scyfos

563 486 641 518 (nno
665 476 727 507 Ioco
753 478 802 514 70,
817 488 836 510 τ,
864 475 915 506 nbi
937 475 983 506 sic
1005 486 1084 506 corr.
1102 477 1218 513 estpro
1235 475 1354 516 scefos)
1372 494 1410 497 ——
1430 474 1581 505 Stefanus
1605 474 1664 516 (sic
1682 473 1877 513 plerumque,
1903 472 2063 514 Stepanus

563 531 614 567 34,
633 527 679 569 ιι).

513 591 534 622 g
557 583 586 611 et
609 591 636 610 z:
663 579 767 610 Zetic-
793 578 867 619 (pro
891 578 1001 610 Getic-
1025 578 1144 620 94,10).

513 632 534 662 h
557 631 672 662 omissa
696 630 742 661 vel
763 630 892 661 addita.-

563 683 585 714 h
609 683 723 713 mnissa
755 681 930 721 (hereticus
953 684 1032 713 recte
1059 680 1271 723 plerumqm):
1303 681 1436 712 exibere
1462 681 1560 721 (7,1·.›)
1591 699 1627 702 —
1658 679 1731 710 odie
1762 682 1790 710 ct
1821 679 1963 710 ‹lorii-am
1992 688 2062 709 eon-

613 736 736 765 stnnter
758 753 799 756 —
824 737 912 764 ortus
936 752 976 756 —-
1001 733 1145 775 yacinth-
1171 735 1349 764 constanter
1372 752 1413 754 —
1437 732 1528 774 ydria
1545 734 1632 774 (104,
1651 732 1698 772 ιτ).

562 787 583 818 h
607 786 734 818 addita:
758 784 927 827 h(a)ereus
951 785 1016 826 (95,
1036 798 1045 816 1
1070 788 1098 816 et
1121 788 1198 816 mut.
1222 785 1256 815 in
1280 795 1351 816 aer·
1376 785 1497 816 ‹lnobns
1524 784 1598 815 locis
1624 785 1673 824 71,
1692 797 1710 815 ι.
1736 785 1786 822 99,
1805 783 1841 824 ι5)
1868 801 1905 804 —
1931 782 2061 813 coharc-

616 842 703 869 tatus
726 838 846 877 (43‚1.=‚)
872 856 910 859 —
936 837 1134 868 horatorium
1158 838 1246 878 (108,
1263 849 1285 875 4,
1303 836 1489 876 plerumque
1511 837 1579 866 sinc
1603 834 1649 877 h).

564 901 580 921 c
597 900 659 929 pro
684 890 722 921 ch
747 891 840 930 (recte
864 889 993 920 archivo
1019 891 1069 928 94,
1086 889 1127 929 s):
1154 889 1391 930 arciepiscopus
1416 891 1502 929 (114,
1521 888 1558 929 11)
1582 906 1623 910 —
1648 887 1760 919 cartha
1784 887 1842 926 (sie
1859 886 2064 925 stlermnqne;

614 945 703 972 carta
728 944 778 981 59,
796 941 833 983 ιι)
858 960 898 963 -
923 940 1011 980 einez
1039 940 1233 983 y)rog1·aph-
1258 943 1437 972 constanter
1461 959 1500 962 —
1525 941 1640 971 crisma
1664 958 1704 961 —-
1728 939 1874 970 unicinae
1908 938 1961 979 (z
1988 947 2062 977 ony-

616 994 728 1024 cleinae
758 995 826 1031 108,
844 993 867 1034 τ)
892 1011 933 1015 --
957 993 1103 1035 parrocia
1127 994 1192 1033 (11,
1209 992 1245 1032 s).

563 1057 582 1087 p
600 1056 662 1084 pro
685 1045 743 1087 ph:
771 1046 931 1087 Stepanus
955 1044 1047 1076 semel
1071 1044 1152 1085 (vide
1176 1044 1190 1075 f
1210 1047 1238 1075 et
1262 1044 1330 1086 ph).

564 1101 576 1128 t
594 1108 655 1138 pro
678 1097 727 1128 th:
752 1097 927 1128 biblioteca
949 1115 987 1118 ——
1011 1100 1141 1127 cantara
1166 1096 1272 1138 (semel
1295 1099 1344 1135 54,
1363 1098 1385 1135 π)
1411 1114 1451 1117 —-
1476 1095 1598 1137 yacint-
1617 1093 1722 1136 (semel
1746 1095 1851 1135 5S,10)
1877 1112 1915 1115 -
1941 1096 2063 1124 termae

615 1168 655 1171 -—
679 1152 788 1180 tronus
812 1167 854 1171 —
877 1148 1147 1190 thymiamaterium
1171 1147 1299 1188 (semel).

563 1201 597 1232 th
614 1211 676 1240 pro
700 1204 725 1231 t:
750 1201 860 1231 cartha
884 1201 967 1242 (vide
991 1211 1007 1231 e
1024 1211 1086 1239 pro
1111 1201 1164 1241 ch)
1190 1220 1230 1223 —
1254 1201 1402 1231 sthoracc
1426 1201 1605 1230 constanter
1629 1217 1668 1221 —
1693 1199 1820 1229 thomus
1848 1199 1934 1237 (107,
1951 1196 1986 1239 s).

511 1272 531 1291 n
558 1261 692 1291 inserta:
716 1262 941 1292 occansionem
966 1263 1030 1301 (49,
1049 1260 1097 1302 ιε).

514 1333 528 1352 s
551 1324 580 1352 ct
602 1333 638 1352 x:
664 1321 832 1352 estimatio
858 1322 940 1360 (vide
965 1332 982 1353 e
999 1331 1061 1360 pro
1086 1321 1150 1362 ae).

513 1390 626 1421 vocalis
651 1391 684 1421 in
696 1391 846 1431 yenetz'vis
862 1391 940 1430 siny.
965 1390 1039 1421 dccl.
1056 1391 1078 1421 2
1099 1390 1262 1421 nominum
1279 1390 1484 1430 propriorum
1502 1400 1563 1420 non
1577 1390 1758 1429 yeminatm·
1772 1389 1945 1420 secundnm
1969 1399 2064 1420 usum

562 1442 748 1481 antiquum:
781 1441 923 1473 Bonifati
954 1462 994 1464 —
1024 1441 1139 1473 Claudi
1168 1461 1209 1464 —
1241 1441 1302 1473 Gai
1331 1461 1371 1464 ——
1403 1441 1538 1472 Gervasi
1568 1460 1606 1463 ——
1630 1441 1785 1472 Laurenti
1809 1461 1847 1464 —
1872 1441 2000 1472 Protasi
2023 1459 2064 1462 ——

563 1493 683 1524 Tiberi.

509 1548 715 1577 consonantes
742 1556 805 1576 non
832 1546 1026 1586 gemmatae.-
1059 1545 1199 1577 Calistus
1234 1548 1412 1577 constanter
1449 1547 1584 1585 (cuce-epto
1618 1545 1682 1576 Ioco
1709 1556 1772 1577 nno
1803 1548 1853 1585 32,
1870 1547 1906 1584 ιτ)
1937 1564 1976 1567 -
2007 1556 2063 1576 ex-

563 1598 680 1628 cesisse
710 1600 734 1636 1,
752 1610 772 1628 7.
1760 1637 1768 1643 ¹

511 1651 715 1680 consonantes
735 1649 929 1689 yeminatae:
953 1660 1114 1681 cannones
1132 1649 1176 1691 (1,
1194 1649 1219 1691 7)
1245 1668 1284 1671 -
1308 1649 1485 1691 relegiossa
1503 1649 1567 1691 (64.
1583 1649 1621 1691 ιο)
1645 1668 1686 1671 —
1710 1649 1874 1691 repperire
1895 1668 1931 1671 —
1957 1650 2062 1691 sepel-

564 1701 633 1732 livit
657 1703 845 1732 constanter.

511 1752 706 1784 adsimilote'o
731 1753 1021 1792 praepositionum:
1044 1753 1225 1784 adfirmavit
1250 1772 1288 1775 ——
1313 1753 1463 1795 adtiguus
1486 1773 1527 1775 —
1552 1753 1783 1795 conpresbyter
1807 1771 1847 1775 —
1872 1753 2063 1795 conprehin-

564 1815 616 1835 sus
641 1804 707 1846 (43,
727 1817 766 1840 15;
791 1815 916 1846 compr·
942 1806 992 1845 27,
1008 1817 1029 1837 ε.
1055 1807 1105 1845 34,
1122 1805 1147 1846 π)
1172 1824 1213 1828 —
1236 1806 1432 1836 inmaculata
1455 1824 1496 1827 —
1519 1805 1682 1837 inmobile.

514 1864 772 1907 Orthographica
796 1865 877 1896 haec
902 1865 976 1896 libri
999 1865 1206 1908 Neapolitani
1231 1869 1389 1908 quatenus
1418 1876 1489 1897 cum
1513 1867 1694 1897 litteratura
1714 1866 1868 1897 Lucensis
1891 1866 1963 1898 libri
1987 1876 2061 1897 con-

409 1917 540 1947 veniant
556 1917 608 1947 vel
624 1927 686 1947 non
704 1917 906 1948 conveniant.
931 1917 1070 1948 ostendit
1094 1918 1191 1949 editio
1216 1929 1287 1949 cum
1311 1918 1371 1949 hoc
1395 1918 1549 1949 laterculo
1574 1918 1762 1959 composita.
1788 1937 1827 1941 ——
1851 1918 2061 1960 Reliquorum

409 1968 562 1999 librorum
587 1968 842 2010 orthographicis
872 1973 1062 2010 apparatum
1085 1971 1137 2000 vel
1161 1970 1205 2000 sic
1231 1970 1405 2011 quisquiliis
1430 1970 1573 2012 plurimis
1597 1970 1681 2000 male
1707 1973 1854 2000 onustum
1888 1970 2061 2001 obscurare

409 2020 507 2050 nolui.
555 2020 621 2051 Sed
646 2024 754 2051 tamen
782 2021 814 2051 in
842 2031 871 2051 m
895 2020 981 2052 finali
1004 2021 1157 2052 librorum
1183 2022 1355 2053 varietates
1380 2021 1550 2053 admittere
1579 2022 1676 2053 debui
1699 2022 1827 2052 invitus:
1852 2032 1925 2052 nam
1950 2032 2061 2063 quam-

409 2082 503 2113 quam
520 2071 634 2102 horum
656 2073 958 2103 commentariorum
983 2074 1105 2104 auctori
1129 2074 1252 2104 formae
1278 2084 1375 2104 mann
1400 2077 1432 2104 et
1455 2084 1581 2104 numum
1606 2073 1726 2115 pariter
1749 2073 1906 2106 sonabant
1930 2078 1962 2104 et
1985 2084 2059 2115 pro-

409 2124 530 2155 miscue
554 2125 695 2155 litteram
719 2128 897 2155 extremam
928 2125 1023 2156 modo
1048 2126 1130 2157 male
1155 2126 1274 2157 adiecit
1297 2125 1392 2156 modo
1418 2126 1501 2156 male
1527 2126 1650 2161 omisit,
1683 2136 1747 2156 non
1774 2126 1819 2156 ita
1849 2125 1882 2156 id
1907 2129 2062 2156 executus

409 2179 458 2206 est
481 2176 621 2206 maxime
647 2176 833 2207 describens
857 2177 972 2216 aliena,
997 2181 1031 2208 ut
1055 2178 1135 2209 haec
1159 2178 1288 2209 abicere
1312 2178 1433 2208 liceret.
1482 2178 1635 2208 Similiter
1659 2178 1737 2208 alias
1762 2188 1888 2219 quoquc
1905 2177 2061 2208 lectiones

409 2238 485 2258 vere
511 2228 777 2269 orthographicas
801 2229 832 2259 in
856 2239 890 2259 re
917 2229 1014 2260 dubia
1038 2230 1156 2271 passim
1181 2229 1304 2261 admisi.

514 2288 698 2330 Scripturae
723 2289 914 2330 compendia
937 2294 1068 2331 praeter
1089 2291 1222 2321 usitatas
1246 2290 1448 2321 librariorum
1466 2289 1686 2331 (Neapolitani
1710 2290 1781 2322 libri
1805 2291 1911 2322 omnia
1928 2301 2059 2321 enume-

407 2339 489 2370 ravit
506 2339 648 2370 Pcrtzius
673 2341 703 2371 in
730 2342 959 2372 commentario
985 2352 1080 2383 supra
1104 2353 1133 2384 p.
1151 2341 1309 2372 LXXXV
1327 2341 1494 2384 adlegato)
1511 2352 1575 2373 non
1597 2352 1701 2384 pauca
1725 2341 1930 2373 offenduntur
1948 2342 2057 2373 Ponti-

408 2391 490 2421 ficali
514 2392 644 2432 propria
669 2394 701 2422 et
726 2402 744 2422 a
767 2393 869 2423 forma
895 2393 962 2423 eius
987 2393 1168 2434 pendentia.
1216 2393 1268 2424 Ad
1293 2404 1332 2424 ea
1356 2393 1454 2424 editio
1479 2393 1561 2424 haec
1584 2393 1628 2424 ita
1652 2397 1762 2434 aptata
1787 2397 1849 2433 cst,
1879 2396 1914 2424 ut
1943 2394 1967 2424 si
1998 2404 2061 2435 qua

409 2452 518 2473 eorum
543 2443 663 2473 librarii
687 2442 729 2473 ad
753 2454 844 2474 suum
869 2444 1034 2475 arbitrium
1058 2446 1223 2476 solverunt
1246 2446 1366 2487 passim
1391 2445 1421 2476 in
1446 2456 1485 2476 ea
1509 2456 1542 2476 re
1568 2449 1722 2484 errantes,
1740 2456 1795 2476 eas
1811 2446 2060 2487 perscriptionos

407 2494 595 2536 plerumque
621 2495 750 2537 insuper
773 2495 902 2526 habeat.
931 2514 971 2518 —
995 2496 1154 2527 Numeros
1179 2497 1276 2528 etiam
1302 2497 1496 2539 perscriptos
1520 2498 1710 2539 plerumque
1728 2497 1878 2528 revocavi
1902 2497 1940 2527 ad
1967 2500 2059 2528 notas

409 2546 533 2576 solitas.
560 2546 619 2577 hoc
648 2550 771 2577 tantum
801 2551 968 2588 praestans
996 2548 1076 2579 libro
1109 2549 1230 2590 optimo
1260 2549 1414 2581 Lucensi.
1449 2552 1485 2580 ut
1515 2559 1664 2579 numeros
1700 2548 1920 2579 distributivos
1952 2549 1984 2579 in
2020 2559 2058 2580 eo

412 2600 555 2637 repertos
573 2602 627 2628 aut
650 2599 681 2628 in
698 2602 820 2629 textum
837 2599 1013 2640 reciperem
1032 2604 1097 2639 aut,
1121 2601 1174 2631 ubi
1193 2600 1225 2631 id
1241 2601 1310 2631 fieri
1334 2612 1396 2631 non
1420 2600 1540 2639 debuit,
1566 2601 1596 2631 in
1620 2600 1861 2631 adnotationem
1885 2600 2057 2632 referrem:

408 2648 451 2677 ita
481 2651 530 2679 523.
549 2661 571 2679 ia
601 2660 671 2679 cnm
699 2649 828 2688 delfinos
853 2650 924 2681 XX
949 2652 1056 2692 posui.
1087 2663 1281 2694 quamquam
1312 2652 1374 2683 duo
1404 2652 1476 2683 libri
1509 2652 1620 2694 optimi
1645 2652 1766 2683 habent
1790 2652 1965 2693 habuitque
1990 2653 2057 2683 sine

409 2698 505 2729 dubio
522 2701 716 2731 recensionis
732 2702 918 2743 posterioris
935 2703 1038 2744 ipsum
1052 2704 1262 2746 archetypum
1279 2715 1349 2735 cnm
1365 2703 1495 2742 delfinos
1513 2704 1640 2734 vicenos.
1681 2703 1793 2734 Tacite
1811 2704 1921 2734 sustuli
1938 2704 2056 2735 formas

407 2750 523 2781 mixtas
548 2761 588 2781 ex
613 2753 695 2782 notis
720 2757 751 2783 ct
775 2753 899 2793 litteris,
923 2758 957 2785 ut
982 2758 1030 2785 est
1056 2755 1155 2786 Xnas
1179 2772 1217 2782 =
1242 2756 1339 2787 (lenas
1362 2756 1458 2797 vulgo
1482 2758 1651 2797 usurpatas
1676 2755 1706 2786 in
1727 2755 1954 2797 Neapolitano,
1979 2757 2056 2787 item

409 2812 533 2833 errores
561 2803 729 2843 Lucensis,
765 2805 866 2846 qualis
895 2809 944 2836 est
977 2808 1026 2846 73,
1044 2820 1067 2838 ιι
1098 2818 1189 2838 (ιηιαε
1222 2809 1384 2847 (uyentcas
1417 2807 1492 2844 cluo,
1517 2807 1694 2838 substitutis
1726 2807 1809 2838 notis
1839 2807 2055 2838 sollemnibus.
