2245 3213
399 197 487 223 xvlll
980 195 983 197 ’
1082 194 1365 222 PROLEGOMENA.

398 285 493 314 immo
521 284 687 314 evidenter
712 284 867 314 habemus
892 283 941 313 hie
966 293 1027 312 non
1053 281 1222 323 aequalem
1248 281 1353 312 studio
1379 284 1412 312 et
1430 282 1502 313 odio
1520 282 1699 324 abreptum,
1725 281 1781 312 scd
1804 281 1966 313 hominem
1991 291 2048 312 sua

396 336 515 366 seilicet
540 346 643 366 rerum
669 336 778 366 notitia
809 335 893 365 nulla
925 335 1112 364 instructum
1139 333 1355 364 narrationem
1384 334 1415 364 in
1446 334 1602 365 chronicis
1634 334 1795 364 inventam
1824 334 1989 364 luxantem
2016 336 2048 363 et

398 387 668 429 pessnnnlantem.
718 388 793 417 Sola
823 390 967 416 extrema
992 386 1128 415 vitarum
1152 395 1226 426 pars
1250 384 1367 416 indicia
1391 386 1533 416 eontinet
1557 385 1718 426 scriptoris
1743 385 1901 426 aequalis,
1925 387 1960 415 ut
1989 384 2047 415 sub

399 439 552 469 severino
578 439 690 468 relatio
715 438 754 468 de
776 438 875 468 [saeio
902 437 1040 467 exarcho
1066 442 1110 477 (p.
1136 436 1206 477 175)
1230 437 1296 467 iure
1321 437 1452 467 laudata
1476 447 1494 467 a
1512 436 1696 468 Duehesnio
1721 436 1766 478 (p.
1785 438 1869 475 329).
1909 435 2046 467 Addita-

399 498 577 520 mentorum
613 490 767 520 rationem
805 492 1052 519 consentaneum
1090 492 1139 519 est
1174 487 1333 518 diversam
1368 498 1454 520 esse:
1486 488 1645 519 invenitur
1680 488 1821 530 exempli
1858 498 1953 518 eausa
1990 488 2047 518 sub

404 542 510 572 Leone
531 542 559 571 ΙΙ
585 542 703 571 mentio
728 540 840 582 synodi
864 544 976 570 sextae
1000 550 1101 579 nuper
1131 540 1160 570 in
1192 540 1276 579 reyia
1306 539 1380 570 urbe
1404 539 1571 571 celebratae
1595 542 1639 581 (p.
1662 540 1782 578 200,s)‚
1812 539 1851 570 de
1880 550 1942 582 qua
1966 550 2048 581 quae

398 595 577 624 reseruntur
602 592 734 623 totidem
760 592 866 622 verbis
891 591 1050 633 descripta
1075 594 1146 622 sunt
1171 601 1211 621 ex
1237 591 1375 632 epistula
1394 591 1536 632 episcopi
1560 591 1627 621 cius
1651 601 1734 633 quae
1760 594 1864 623 extat:
1888 591 1966 622 item
1989 591 2047 622 sub

399 647 529 675 Uonone
557 654 599 685 tp.
619 645 689 674 208.
708 643 744 674 ml
770 647 880 675 auctor
903 643 1047 674 meminit
1070 643 1168 683 legati
1192 642 1331 672 mudum.
1350 642 1514 681 persoluti.

504 704 553 735 Ad
577 714 756 734 sermonem
783 704 920 745 denique
938 703 1023 745 quod
1040 703 1163 739 attinet,
1189 702 1240 743 qui
1257 702 1325 732 fieri
1342 702 1492 744 potuerit,
1509 705 1544 733 ut
1568 701 1609 732 ad
1627 712 1741 733 aevum
1758 701 2049 733 Theodericianum

398 757 584 790 referretur,
609 755 685 786 mihi
714 765 776 785 non
805 755 914 796 liquet.
961 754 1065 785 Etiam
1100 755 1201 785 minus
1230 754 1435 794 intellegitur,
1467 753 1492 783 si
1524 753 1611 794 prior
1643 763 1716 795 pars
1752 754 1892 795 eorporis
1922 754 2050 784 saeculo

399 809 464 838 t'ere
488 818 550 838 uno
576 811 607 837 et
632 806 762 837 dimidio
792 807 908 848 scripta
937 809 985 837 est
1015 809 1089 837 ante
1118 806 1346 847 posteriorem.
1384 804 1468 846 quod
1500 815 1558 846 per
1582 808 1684 835 totum
1716 815 1830 847 corpus
1860 815 1964 836 sermo
1988 815 2050 835 non

399 859 499 889 solum
524 858 678 889 barbarus
703 863 761 890 est.
788 858 844 889 sed
868 858 1082 899 aequabiliter
1104 857 1259 888 barbarus
1283 856 1396 887 iisdem
1427 856 1641 887 locutionibus
1665 857 1850 898 vulgaribus
1875 860 1908 888 et
1931 857 2051 888 vitiosis

399 911 515 952 passim
546 910 762 941 redeuntibus,
809 909 1062 941 Theodericiana
1094 912 1184 940 aetas
1208 918 1411 950 nequaquam
1444 911 1532 939 tanta
1561 908 1685 939 inscitia
1708 908 1780 948 fuit,
1812 911 1963 950 quantam
1993 919 2052 950 per

399 963 535 993 cuiusvis
559 963 696 1004 paginae
722 962 1010 993 constantissimam
1036 961 1202 992 infantiam
1226 960 1277 991 hic
1304 960 1387 990 liber
1415 959 1532 1001 prodit.
1579 959 1628 990 Eo
1658 963 1804 1002 tempore
1834 961 1941 1002 scripti
1970 960 2051 998 libri,

400 1020 433 1045 ut
458 1013 639 1044 Passiodori
671 1014 777 1044 variae
807 1017 839 1043 et
867 1013 949 1043 liber
984 1012 1174 1053 episcopalis
1199 1011 1479 1052 Symmaehianus⁷
1510 1014 1578 1041 toto
1609 1011 1698 1042 eaelo
1730 1011 1887 1042 differunt.
1938 1011 2052 1052 Neque

401 1065 593 1096 Pontifiealis
618 1065 752 1106 scriptus
778 1068 825 1095 est
849 1068 883 1095 ut
899 1064 1082 1095 Iordaniani
1107 1064 1137 1094 in
1155 1064 1272 1105 Illyrici
1297 1063 1424 1101 abditis,
1449 1062 1505 1093 sed
1530 1063 1657 1094 omnino
1681 1063 1713 1094 in
1733 1063 1827 1094 Italia
1851 1063 1890 1094 ab
1914 1062 2052 1099 homine,

402 1117 453 1158 qui
471 1117 610 1158 aliquem
636 1117 666 1147 in
691 1117 775 1147 clero
800 1117 903 1147 locum
930 1119 1057 1146 teneret
1075 1119 1107 1146 et
1130 1126 1257 1146 suarum
1275 1115 1388 1146 virium
1412 1114 1528 1145 fiducia
1544 1125 1695 1156 magnum
1720 1125 1799 1156 opus
1814 1125 1877 1146 non
1894 1113 2052 1156 aggrede-

401 1175 489 1199 retur
517 1169 631 1198 solum.
664 1168 721 1198 sed
753 1168 849 1199 etiam
875 1167 1062 1209 aequalibus
1093 1167 1255 1208 probaret.
1304 1166 1408 1205 Unus,
1438 1176 1533 1207 quem
1564 1177 1604 1197 ex
1633 1177 1739 1198 rerum
1768 1170 1931 1208 gestarum
1955 1166 2052 1207 scrip-

403 1220 523 1251 toribus
548 1231 617 1251 cum
644 1220 702 1250 hoe
727 1221 854 1251 homine
878 1224 964 1251 reete
990 1229 1167 1261 compares⁷
1192 1219 1218 1250 is
1243 1222 1291 1250 est
1316 1219 1368 1260 qui
1391 1220 1520 1250 saeculo
1539 1219 1603 1250 VII
1628 1219 1734 1250 medio
1758 1218 1907 1250 chronica
1930 1217 2055 1259 scripsit

404 1282 487 1313 quae
512 1271 659 1302 dicuntur
682 1272 931 1313 Fredegariana.

509 1332 622 1373 Itaque
647 1336 681 1362 ut
706 1331 945 1366 concludamus,
972 1331 1011 1362 de
1035 1332 1170 1362 vitarum
1196 1331 1337 1373 eorporis
1365 1333 1474 1362 aetate
1495 1331 1612 1362 erravit
1627 1330 1839 1370 Duehesnius,
1863 1332 1950 1361 recte
1973 1329 2055 1360 iudi-

405 1384 488 1414 cavit
512 1383 680 1414 Waitzius.
727 1383 962 1415 Recensionem
998 1384 1095 1414 etiam
1128 1383 1266 1425 priorem
1300 1382 1458 1424 Gregorio
1498 1382 1600 1424 primo
1635 1382 1847 1424 posteriorem
1879 1391 1949 1412 esse
1979 1381 2056 1412 mihi

405 1434 530 1465 videtur
565 1439 655 1465 extra
698 1435 828 1465 dubium
866 1446 951 1471 esse;
988 1435 1128 1466 secunda
1162 1435 1303 1465 anterior
1337 1438 1385 1465 est
1418 1434 1531 1475 Sergio
1556 1434 1581 1464 I.
1638 1433 1929 1475 Comprehenditur
1960 1433 2057 1474 igitur

405 1487 568 1528 utriusque
593 1487 787 1518 recensionis
805 1488 894 1528 origo
919 1487 1033 1517 finibus
1050 1487 1169 1518 saeculi
1193 1487 1332 1528 septimi,
1357 1496 1416 1528 per
1433 1485 1519 1528 quod
1540 1485 1706 1527 probabile
1724 1489 1773 1517 est
1789 1496 1903 1527 corpus
1919 1485 2056 1517 vitarum

406 1550 462 1580 per
487 1538 654 1569 intervalla
679 1539 826 1570 crevisse.
866 1538 1083 1569 Ecelesiastici
1109 1539 1235 1580 spiritus
1261 1541 1293 1569 et
1315 1538 1422 1569 studia
1447 1538 1602 1569 ecclesiae
1626 1537 1794 1569 Romanae
1817 1540 1853 1568 ut
1874 1537 2056 1568 universum

405 1600 519 1632 eorpus
538 1594 661 1630 regunt,
687 1590 730 1620 ita
748 1600 785 1621 eo
805 1590 931 1621 nomine
949 1593 1084 1631 utraque
1102 1590 1246 1621 recensio
1270 1590 1415 1631 pariliter
1440 1590 1508 1620 fere
1526 1589 1681 1631 procedit,
1707 1599 1900 1631 quamquam
1917 1587 2057 1619 secunda

407 1643 456 1672 hic
481 1642 543 1672 illie
568 1652 617 1672 res
641 1642 806 1683 ampliavit
831 1645 863 1672 et
892 1642 1088 1675 emendavit,
1119 1645 1153 1672 ut
1182 1653 1211 1683 p.
1231 1643 1321 1679 39,1⁷
1346 1641 1461 1673 Gaium
1491 1641 1676 1683 episcopum
1700 1651 1742 1672 ex
1766 1640 1949 1672 confessore
1973 1650 2057 1670 mar-

408 1700 508 1735 tyrem
541 1693 631 1727 fecit,
667 1704 696 1734 p.
723 1695 801 1724 96ss
837 1693 965 1724 crudele
1001 1693 1159 1735 pontificis
1195 1693 1360 1724 decretum
1396 1696 1507 1724 contra
1542 1692 1660 1724 tradita
1695 1692 1818 1734 aptavit
1851 1692 1893 1722 ad
1927 1694 2057 1722 sanetae

407 1745 491 1776 sedis
523 1745 752 1775 humanitatem
782 1745 916 1775 solitam.
963 1744 1099 1776 Gravius
1128 1748 1176 1776 est
1209 1745 1294 1786 quod
1326 1745 1357 1776 in
1381 1745 1446 1776 vita
1471 1745 1616 1776 Silvestri
1643 1755 1673 1786 p.
1691 1745 1778 1784 52³,
1811 1743 1865 1775 ubi
1888 1743 1994 1785 agitur
2018 1742 2057 1774 de

409 1796 628 1827 sacerdotibus
657 1797 830 1838 eligendis.
864 1797 950 1838 prior
978 1797 1128 1838 requirit⁷
1164 1800 1199 1828 ut
1229 1807 1334 1838 neque
1366 1797 1500 1828 clericus
1530 1797 1697 1839 quisquam
1728 1795 1925 1827 contradicat
1952 1804 2058 1836 neque

409 1848 527 1883 tidelis,
557 1849 657 1878 altera
687 1848 814 1879 fidelem
847 1848 982 1879 sustulit.
1028 1849 1065 1879 In
1092 1849 1274 1879 universum
1306 1851 1414 1880 autem
1444 1859 1516 1880 eum
1545 1848 1689 1879 recensio
1721 1846 1875 1887 secunda,
1906 1848 2057 1888 quantum

409 1900 499 1930 nobis
525 1899 633 1930 datum
664 1904 711 1930 est
737 1910 923 1941 comparare
947 1903 1132 1941 utramque,
1162 1911 1226 1930 non
1251 1901 1290 1931 sit
1323 1900 1380 1931 nisi
1412 1900 1499 1942 prior
1521 1900 1639 1941 passim
1668 1898 1889 1941 pessumdata,
1922 1897 2058 1928 fortasse

410 1963 471 1982 non
502 1951 734 1992 separabantur
762 1962 878 1992 magno
909 1953 1061 1993 temporis
1094 1952 1272 1983 intervallo.
1328 1951 1487 1994 Equidem
1522 1952 1662 1993 priorem
1696 1950 1916 1982 recensionem
1950 1949 2058 1991 primis

411 2003 529 2034 saeculi
547 2003 673 2044 septimi
698 2002 858 2034 decenniis
882 2004 1058 2038 tribuerim,
1082 2005 1294 2046 posteriorem
1312 2003 1504 2035 crediderim
1529 2006 1677 2045 coeptam
1702 2012 1772 2033 esse
1789 2001 1918 2033 saeculo
1942 2000 2058 2032 eodem

414 2054 530 2085 medio.
578 2054 690 2085 Donec
714 2055 915 2085 invenientur
939 2056 1090 2095 certiora,
1114 2056 1145 2086 in
1169 2056 1218 2087 his
1242 2056 1495 2097 adquieseemus.

905 2438 942 2483 C
953 2440 993 2483 A
1011 2438 1135 2482 PVT
1178 2438 1209 2483 S
1220 2438 1393 2484 ECVN
1404 2439 1564 2484 DVM.

874 2543 992 2574 nunu
1021 2543 1328 2574 1¹‹‘)N'r1}.‹¹1eA1,1s
1352 2543 1605 2575 ELEMENTA.

522 2610 643 2644 Quibus·
675 2612 771 2652 copiis
803 2613 971 2642 instructus
995 2614 1105 2641 auctor
1128 2611 1300 2641 accesserit
1328 2611 1369 2642 ad
1393 2616 1486 2653 gesta
1512 2612 1698 2653 pontificum
1727 2611 1945 2642 Romanorum
1970 2620 2060 2641 enar-

420 2661 516 2691 randa
541 2663 705 2702 quaerenti
726 2663 1029 2694 Pseudo-Damasus
1055 2663 1227 2704 respondet
1251 2663 1331 2694 haee
1355 2664 1536 2705 repperisse
1561 2674 1594 2694 se
1618 2673 1695 2694 suae
1717 2663 1799 2693 sedis
1820 2662 1934 2699 studio,
1958 2661 1991 2692 id
2014 2665 2063 2692 est

421 2713 478 2742 sibi
518 2713 574 2753 ipsi
611 2715 764 2744 ecc-lesia(-
798 2715 960 2745 Romanae
997 2715 1147 2756 episeopo
1183 2715 1296 2745 serinia
1326 2715 1393 2746 eius
1424 2716 1580 2756 patuisse,
1615 2718 1785 2756 praeterea
1820 2716 1965 2745 auctores
1999 2723 2062 2743 non

422 2764 593 2801 adlegans:
619 2766 738 2795 >univer
764 2766 811 2796 hi<-
837 2777 962 2808 qnoque
987 2766 1091 2797 Roma
1120 2767 1225 2797 locuta
1250 2770 1306 2797 est.
1353 2766 1419 2798 Nos
1444 2768 1506 2797 iam
1530 2766 1739 2797 indicabimus
1763 2765 1904 2806 corporis
1926 2765 2062 2795 vitarum

425 2816 600 2846 elementa.
626 2816 656 2846 id
683 2823 726 2847 est
760 2818 834 2858 quid
865 2819 986 2849 auctori
1011 2818 1079 2849 eius
1103 2817 1144 2848 ad
1175 2829 1287 2849 manus
1311 2819 1408 2849 fuisse
1432 2818 1579 2850 videatur
1607 2817 1648 2849 ad
1677 2817 1793 2848 librum
1817 2815 2062 2858 compilandum‚
