2245 3213
402 210 540 237 CXXXVI
1090 210 1375 237 PROLEGOMENA.

402 297 605 328 Hadrianum
630 298 645 328 I
680 299 712 337 (ἦ
738 297 813 329 79ῖῆ
847 300 878 328 et
911 307 993 338 quae
1027 300 1139 327 extant
1176 297 1433 328 continuationes
1470 297 1511 328 ad
1547 298 1748 340 Stephanum
1770 298 1801 329 V
1825 298 1858 339 (†
1882 298 1958 340 891)
1988 309 2059 330 cum

404 350 513 391 paucis
546 349 768 380 tantummodo
805 352 836 379 et
872 349 923 380 hic
953 349 1016 380 illic
1049 349 1234 391 interruptis
1267 349 1506 391 exemplaribus
1535 350 1672 381 traditae
1697 351 1772 390 sint,
1796 353 1905 392 potest
1928 350 2059 381 defendi

403 402 433 432 in
451 401 649 432 HadrianoI
674 401 763 432 finire
788 401 903 431 librum
926 401 1163 432 pontificalem:
1189 405 1275 432 certe
1301 402 1548 433 instaurationes
1573 403 1690 444 operis,
1714 413 1793 444 quas
1817 406 1964 433 auctores
1989 403 2058 444 qui-

405 453 478 484 dam
503 454 698 495 posteriores
723 456 971 494 temptaverunt,
997 452 1157 483 diversam
1182 453 1310 484 omnino
1336 453 1645 485 administrationem
1670 455 1843 496 requirunt.
1889 454 2058 485 Nihilomi-

403 515 460 535 nus
495 505 570 535 satis
602 505 699 535 habui
725 515 839 546 corpus
862 505 1000 535 vitarum
1025 505 1187 535 conditum
1212 505 1340 535 saeculo
1365 506 1502 546 septimo
1526 517 1696 537 recensere
1721 517 1791 537 cum
1817 506 1967 537 auctariis
1991 506 2059 537 eius

403 557 651 597 antiquioribus.
688 557 821 598 partim,
855 560 890 587 ut
925 556 990 587 dixi
1025 558 1068 599 (p.
1088 557 1179 596 XV),
1210 560 1343 598 propter
1376 557 1530 588 Lucensis
1566 558 1637 589 libri
1671 558 1913 597 auctoritatem,
1942 558 2059 600 partim

404 609 553 649 quoniam
582 619 689 639 rerum
718 609 836 639 saeculi
867 609 970 639 octavi
995 609 1142 640 tractatio
1175 620 1193 639 a
1218 609 1297 639 meis
1322 608 1434 640 studiis
1458 609 1564 640 aliena
1589 613 1646 640 est.
1692 609 1800 651 Ipsam
1828 609 1910 641 hanc
1933 614 2059 651 partem

403 661 528 701 suscepi
559 661 675 691 invitus
705 664 736 691 et
766 660 1003 702 quodammodo
1033 661 1225 691 necessitate
1256 665 1395 691 coactus.
1454 660 1584 692 Scilicet
1619 661 1835 692 monumentis
1865 661 2058 692 Germaniae

407 712 564 742 historicis
588 712 721 743 edendis
746 713 798 754 qui
822 724 1010 754 praesumus
1039 714 1174 744 vitarum
1200 713 1433 754 pontificiarum
1462 714 1590 755 plenam
1619 714 1766 756 syllogen
1794 713 1834 744 ab
1858 713 1934 755 ipsis
1958 714 2058 745 socie-

404 765 478 794 tatis
507 768 636 795 nostrae
667 765 847 806 primordiis
874 765 1001 806 publice
1031 766 1219 807 promissam
1250 776 1321 796 cum
1350 766 1613 806 intellegeremus
1643 769 1709 796 tam
1742 769 1875 807 propter
1901 766 2059 807 pollicita-

405 816 508 846 tiones
538 826 592 846 eas
629 827 724 857 quam
762 820 894 859 propter
930 818 1069 859 aliquam
1104 828 1210 848 rerum
1244 818 1471 848 necessitatem
1507 818 1609 849 omitti
1642 829 1705 849 non
1739 828 1852 859 posse,
1888 818 1917 849 ei
1952 821 2060 849 autem

405 880 523 911 operae
547 870 599 911 qui
624 880 658 900 se
683 871 866 911 accingeret
891 870 944 901 diu
969 871 1148 912 quaesitum
1172 882 1235 902 non
1252 872 1478 912 reperiremuS.
1495 872 1636 902 maxime
1661 874 1734 912 post
1758 870 1878 901 editam
1895 871 2060 912 egregiam

406 921 579 952 Duchesnii
612 923 832 954 recensionem
865 923 1032 954 iuvenibus
1063 923 1103 953 ab
1138 924 1354 954 aemulatione
1386 923 1562 961 deterritis⁷
1599 934 1632 954 re
1669 933 1727 965 per
1762 923 1869 964 plures
1902 923 2061 954 sessiones

404 972 585 1004 deliberata
611 974 712 1015 prima
736 985 809 1016 pars
834 975 941 1017 operis
964 975 1042 1006 mihi
1061 975 1255 1006 demandata
1280 978 1337 1006 est.
1385 975 1468 1006 Eum
1496 975 1641 1006 laborem
1671 976 1734 1005 iarn
1757 978 1792 1005 ut
1816 975 1907 1016 potui
1930 974 2061 1016 perfeci,

405 1035 463 1055 nec
501 1024 654 1056 deerunt.
687 1026 745 1056 nisi
781 1027 863 1057 fallit
896 1027 979 1057 iusta
1013 1027 1213 1068 expectatio,
1251 1027 1304 1068 qui
1332 1027 1545 1068 posteriorum
1581 1027 1805 1069 episcoporum
1841 1027 1922 1057 vitas
1956 1037 2062 1057 rerum

404 1076 674 1108 Germanicarum
700 1077 848 1108 studiosis
878 1078 1076 1119 aliquantum
1101 1078 1244 1109 utiliores
1270 1078 1443 1120 diligenter
1473 1082 1662 1109 recenseant
1694 1079 1775 1109 hanc
1799 1088 1905 1109 meam
1930 1088 2062 1120 operam

406 1128 647 1167 continuantes,
679 1132 713 1159 ut
737 1129 780 1159 ita
811 1140 894 1171 quae
923 1130 954 1160 in
978 1130 1140 1160 societatis
1164 1133 1292 1161 nostrae
1317 1130 1442 1172 scriptis
1474 1130 1579 1161 adhuc
1604 1129 1788 1161 desiderata
1811 1133 1899 1168 sunt,
1932 1129 2062 1161 tandem

405 1180 580 1221 aliquando
606 1181 807 1222 expleantur.

513 1231 649 1263 Codices
672 1232 713 1262 ad
729 1232 811 1263 hanc
828 1233 1048 1264 recensionem
1069 1233 1231 1264 adhibitos
1249 1234 1327 1264 alios
1344 1234 1496 1275 integros,
1522 1235 1601 1265 alios
1626 1234 1666 1264 ad
1690 1234 1854 1275 specimen
1878 1235 2064 1265 enumeravi

405 1284 569 1326 supraKp.
587 1284 650 1325 11);
676 1285 909 1326 prolegomena
933 1288 1153 1326 exposuerunt
1177 1296 1232 1316 cur
1254 1286 1324 1316 illos
1349 1286 1535 1327 selegerim,
1560 1286 1619 1317 hos
1642 1286 1820 1324 reiecerim,
1844 1289 1971 1316 secutus
1995 1286 2063 1317 fere

404 1336 436 1366 in
468 1335 615 1366 omnibus
646 1335 876 1367 Duchesnium.
935 1336 1089 1368 Codicum
1120 1340 1213 1368 notas
1242 1348 1369 1379 quoque
1398 1338 1438 1368 ab
1473 1348 1511 1368 eo
1546 1339 1700 1369 formatas
1734 1338 1905 1379 plerasque
1937 1338 2062 1376 retinui,

406 1388 528 1418 scilicet
544 1388 902 1420 A¹j⁶B¹ATC¹-4D¹
927 1389 974 1426 (D
997 1389 1114 1429 Duch.)
1134 1389 1293 1419 Εῑ·2·4·5’·(ἰ
1310 1389 1376 1427 (E3
1393 1389 1497 1420 Decch.
1523 1390 1600 1420 mihi
1631 1393 1680 1420 est
1704 1390 1803 1426 Mur.)
1826 1389 1931 1420 F¹·²·³
1949 1389 2064 1431 (Fa'b’c

405 1439 525 1480 Duell.)
553 1439 645 1475 GH&
664 1440 715 1479 (H
735 1440 854 1481 Duell.)
879 1441 961 1471 Κῑ·2
987 1440 1080 1481 (ΚΜ
1105 1440 1221 1479 ΒΗΜΛ)
1249 1441 1284 1472 Τ.
1338 1441 1508 1472 Librorum
1545 1442 1746 1483 aliquatenus
1784 1442 1907 1473 utilium
1941 1442 2062 1473 variam

407 1492 579 1523 lectionem
604 1492 679 1523 dedi
702 1493 877 1534 integram:
902 1504 975 1523 nam
1000 1493 1040 1523 ad
1065 1493 1220 1524 selectam
1246 1493 1285 1524 de
1310 1494 1396 1524 nullo
1420 1494 1502 1525 libro
1528 1497 1615 1525 recte
1634 1494 1766 1525 iudicari
1784 1497 1900 1535 potest.
1948 1493 2063 1525 Libros

407 1554 466 1585 per
490 1554 524 1574 se
548 1544 676 1575 inutiles
700 1545 785 1586 quod
809 1556 872 1576 non
897 1546 992 1586 plane
1018 1545 1144 1586 sprevi,
1169 1545 1226 1575 sed
1251 1546 1415 1587 specimen
1441 1556 1551 1576 eorum
1579 1556 1707 1587 quoque
1733 1545 1822 1580 dedi,
1845 1546 1919 1577 ideo
1944 1547 2063 1577 factum

408 1599 467 1634 est,
494 1595 581 1637 quod
606 1596 802 1628 Pontificalis
826 1597 899 1628 libri
922 1597 1088 1639 usurpatio
1112 1597 1143 1628 in
1169 1607 1275 1628 rerum
1299 1598 1413 1628 notitia
1438 1600 1470 1628 et
1494 1598 1564 1639 ipsa
1580 1598 1721 1639 aliquem
1738 1599 1846 1629 locum
1870 1598 1930 1629 sibi
1953 1601 2062 1640 postu-

408 1649 454 1678 lat
479 1651 511 1679 et
535 1648 666 1679 editoris
689 1649 817 1680 videtur
847 1660 918 1680 esse
949 1660 1057 1681 curan]
1082 1660 1195 1691 agere,
1220 1653 1255 1680 ut
1279 1660 1340 1691 quo
1366 1650 1549 1691 pertineant
1573 1650 1689 1691 singuli
1720 1650 1792 1681 libri
1817 1653 1850 1681 et
1875 1651 1944 1692 quis
1969 1661 2063 1692 quem

409 1700 593 1731 adhibuerit
618 1700 824 1732 determinari
848 1702 958 1744 possit.

513 1752 550 1782 In
575 1752 830 1795 orthographicis
855 1753 1000 1795 expressi
1024 1753 1168 1784 codicem
1194 1756 1226 1784 et
1250 1754 1406 1795 optimum
1430 1757 1462 1784 et
1485 1754 1706 1795 plenissimum
1740 1754 1921 1785 Lucensem
1946 1754 2007 1793 ita,
2031 1756 2066 1784 ut

408 1805 463 1835 ubi
488 1804 586 1835 editio
618 1805 658 1836 ab
684 1816 722 1836 eo
747 1805 871 1836 recedit
894 1805 926 1836 id
950 1805 1116 1836 adnotatio
1142 1802 1294 1836 enuntiet.
1343 1806 1472 1836 Scilicet
1495 1809 1529 1836 ut
1552 1806 1584 1836 in
1609 1806 1776 1837 sententiis
1799 1806 1845 1836 ita
1868 1806 1899 1836 in
1925 1805 2064 1837 vocabu-

409 1857 447 1887 lis
472 1856 628 1887 barbarus
652 1861 764 1888 auctor
789 1858 829 1888 ad
854 1868 944 1888 suam
969 1858 1104 1888 formam
1130 1857 1273 1888 edendus
1298 1858 1366 1893 fuit.
1394 1868 1476 1899 quae
1501 1858 1571 1899 ipsa
1594 1861 1629 1888 ut
1651 1857 1776 1888 mendis
1799 1858 1943 1899 plurimis
1961 1857 2066 1888 obsita

411 1912 468 1947 est,
492 1909 537 1939 ita
561 1910 702 1940 melioris
726 1911 841 1941 aetatis
865 1910 993 1941 residua
1017 1909 1177 1951 quaedam
1202 1913 1319 1943 servat.
1345 1913 1379 1940 ut
1404 1920 1475 1940 raro
1493 1909 1730 1940 confunduntur
1752 1921 1766 1940 e
1792 1913 1824 1940 et
1848 1919 1893 1946 ac,
1918 1919 1933 1939 c
1957 1912 2064 1940 autem

411 1971 468 2002 pro
493 1964 505 1991 t
528 1971 591 1991 non
615 1962 733 2002 legitur
756 1962 816 1993 nisi
839 1973 902 1993 uno
927 1963 996 1993 loco
1022 1964 1127 1997 <7811
1154 1962 1300 1995 ursatio).
1347 1962 1419 1992 Hoc
1445 1962 1632 1997 videndum,
1665 1965 1785 1996 utrum,
1817 1965 1852 1992 ut
1875 1964 2009 2002 apparet
2033 1963 2067 1991 et

410 2014 441 2044 in
469 2013 603 2043 Lucensi
628 2013 709 2044 libro
735 2017 767 2044 et
790 2015 821 2044 in
845 2014 914 2044 aliis
939 2014 1170 2055 antiquioribus
1194 2014 1243 2051 (ut
1272 2016 1317 2046 lss.
1334 2014 1360 2046 il
1393 2013 1582 2055 quibusdam
1607 2015 1700 2051 loeis,
1725 2014 1871 2045 librarius
1894 2023 2011 2052 ponere
2034 2016 2067 2043 et

411 2065 525 2096 similia
542 2065 668 2095 dederit
685 2076 741 2106 pro
763 2069 890 2104 pomret
914 2067 1020 2097 littera
1043 2066 1130 2097 finali
1156 2066 1272 2096 extrita
1296 2065 1470 2096 secundum
1495 2066 1759 2097 consuetudinem
1778 2065 1893 2105 Italam
1918 2075 1958 2095 an
1981 2064 2065 2095 male

411 2116 590 2148 confuderit
621 2117 807 2147 infinitivum
839 2128 909 2148 cum
940 2118 1049 2148 formis
1081 2121 1277 2159 temporum:
1309 2117 1423 2147 similia
1457 2117 1622 2147 adnotavit
1648 2117 1756 2148 Sickel
1784 2117 1814 2147 in
1839 2116 1919 2147 libro
1944 2116 2065 2146 Diurno

411 2170 511 2211 praef.
536 2179 566 2210 p.
586 2168 773 2199 LXXXIII.
808 2187 841 2190 —
876 2169 1097 2210 Antiquissimi
1130 2169 1270 2199 omnium
1300 2169 1494 2209 exemplaris
1526 2168 1731 2210 Neapolitani
1765 2168 2019 2210 orthographicis
2048 2178 2067 2198 a

412 2222 540 2252 Pertzio
571 2220 683 2251 sedulo
715 2221 853 2251 enotatis
883 2224 1072 2262 apparatum
1108 2231 1242 2251 onerare
1273 2221 1359 2251 nolui
1397 2220 1542 2262 exceptis
1572 2221 1692 2251 scilicet
1722 2220 1902 2251 nominibus
1930 2219 2066 2261 propriis

412 2275 546 2315 aliisque
575 2272 716 2304 selectis:
746 2273 870 2313 reliqua
902 2273 1095 2314 (suppressis
1119 2276 1229 2303 tamen
1254 2273 1322 2303 fere
1346 2273 1488 2303 locorum
1522 2272 1794 2314 adlegationibus)
1818 2273 1899 2303 infra
1922 2272 2066 2314 apposui,

413 2326 562 2367 quoniam
588 2326 694 2355 facere
720 2328 851 2365 possunt
875 2324 915 2355 ad
941 2325 1086 2355 codicum
1112 2325 1247 2355 aliorum
1272 2327 1397 2355 aetates
1423 2327 1455 2354 et
1479 2324 1619 2365 origines
1638 2324 1861 2366 exquirendas.
1906 2324 1943 2355 In
1966 2334 2066 2365 appa-

413 2383 516 2409 ratum
542 2387 624 2419 quae
650 2380 782 2418 recepta
805 2380 877 2407 sunt
901 2377 1055 2418 pleraque
1080 2377 1140 2407 hoc
1163 2377 1234 2407 loco
1258 2386 1321 2407 non
1345 2379 1545 2417 repetuntur.

519 2440 557 2460 ae
581 2431 608 2459 et
633 2440 649 2459 e
668 2431 884 2467 permutatae:

570 2491 608 2511 ae
626 2491 688 2519 pro
711 2491 744 2511 e:
770 2481 804 2510 ¹in
827 2480 1045 2510 terminatione
1068 2479 1274 2510 ablatirornm
1299 2482 1327 2510 et
1351 2479 1566 2510 adverbiorum
1591 2479 1776 2520 relegionae
1801 2497 1840 2501 —
1864 2478 2067 2509 Haebraicae

623 2551 661 2554 —
682 2532 826 2563 Latinae.
875 2532 1044 2562 Praeterea
1071 2532 1305 2573 compraehinsi
1324 2551 1361 2553 —
1380 2531 1594 2572 depraecatur
1616 2550 1657 2553 -
1682 2530 1886 2561 Haebraicae
1911 2548 1949 2552 -—
1974 2540 2067 2571 prae-

622 2595 732 2615 camur
757 2604 794 2607 —
819 2584 1010 2625 praesbyter
1032 2583 1124 2614 semel
1146 2583 1342 2623 (plerumque
1365 2583 1559 2622 compendio)
1584 2602 1622 2605 -—
1646 2583 1814 2624 praetios—.

572 2646 588 2666 c
609 2647 668 2674 pro
692 2647 730 2667 ae
755 2636 847 2676 (reete
862 2636 984 2667 Nicaea
1002 2655 1038 2658 -—
1057 2636 1237 2677 paenitent-
1257 2654 1296 2658 —
1313 2635 1470 2674 saecul-):
1496 2634 1691 2665 adherentes
1715 2651 1758 2656 —
1782 2644 1875 2664 ereus
1891 2632 1937 2663 vel
1952 2633 2069 2663 hereus

619 2687 801 2727 pls-rumque
829 2688 940 2725 (herea
970 2699 1046 2718 corr.
1077 2688 1112 2718 rin
1143 2698 1239 2717 aerea
1264 2688 1359 2721 71,1)
1394 2705 1432 2710 ——
1466 2687 1632 2717 extimatio
1658 2687 1778 2726 (SS,1³;
1807 2685 1854 2715 ita
1884 2684 1942 2715 hac
1968 2686 2069 2715 aetate

623 2739 756 2776 rmzslm‘i
778 2739 873 2769 solrre
899 2739 1046 2770 vocabula
1070 2740 1241 2769 aestimare
1265 2741 1294 2769 ct
1318 2739 1503 2769 existimarc
1528 2738 1650 2768 monuIt
1678 2736 1838 2768 Traubius
1860 2736 1925 2767 ind.
1946 2736 2068 2767 Cassio-

625 2791 688 2820 dor.
712 2802 743 2828 p.
761 2792 836 2824 513)
862 2810 901 2813 ›-
927 2791 1049 2822 Grecus
1074 2793 1251 2821 constanter
1272 2790 1337 2829 fcrc
1354 2789 1520 2830 (Graecias
1538 2791 1566 2829 7,
1585 2790 1622 2830 ιε)
1646 2807 1687 2811 --
1712 2788 1872 2819 hereticus
1893 2790 2071 2819 constanter

626 2860 663 2863 -—
689 2842 847 2873 Manichei
874 2861 913 2864 —-
938 2843 1029 2873 iebus
1053 2845 1241 2874 constanter.
