2245 3213
416 199 527 225 CXVIII
1098 197 1379 224 PROLEGOMENA.

576 287 640 316 105.
660 298 680 315 u
706 285 735 315 in
769 285 951 325 uirginitate
982 284 1016 314 xl
1053 284 1166 324 annos]
1202 284 1247 314 sic
1272 284 1323 316 K.
1360 284 1392 314 in
1426 285 1609 325 virginitate
1642 285 1675 315 lx
1710 295 1863 316 annorum
1889 285 1922 316 F
1953 297 2024 317 cum
2047 287 2071 317 I

725 337 758 375 (Ι
766 337 779 366 Ι
797 336 852 366 boe
868 336 930 365 loco
947 336 1075 375 deficit).
1123 336 1207 365 Ante
1222 346 1343 366 annum
1362 336 1425 366 XL
1441 336 1711 367 sanctimonialem
1727 347 1789 367 non
1806 340 1943 376 oportere
1958 337 2064 375 velari,

726 390 760 418 nt
789 387 1006 417 czmstitutioni
1032 386 1215 417 IlIaioriani
1237 398 1266 418 a.
1284 388 1348 417 458
1364 388 1448 426 (nov.
1467 389 1510 424 6).
1535 399 1629 427 quam
1653 388 1708 419 boc
1731 388 1793 419 loco
1816 389 1930 429 respici
1946 389 2066 420 ostendi

724 439 802 469 alibi
824 446 933 479 (nenos
957 438 1077 469 Arellio
1102 440 1152 477 22,
1171 440 1257 479 545),
1282 442 1309 469 et
1333 439 1474 470 conciliis
1496 450 1615 479 quoque
1637 440 1734 470 liuius
1757 440 1871 471 aetatis
1893 443 1973 471 recte
1993 451 2064 472 eon-

722 491 818 523 ·renit,
845 491 889 521 ita
913 491 1138 529 ‹nepeetandam
1169 502 1232 521 esse
1259 491 1302 521 ad
1327 492 1514 522 sumendum
1540 491 1640 523 velum
1666 494 1798 523 aetatem
1827 493 2065 532 sexagenariam

722 553 819 581 neque
842 542 974 573 aliunde
998 545 1146 574 testatum
1169 545 1214 573 est
1237 545 1265 573 et
1293 543 1534 574 subabsurdum.
1587 543 1762 575 Verisimile
1791 546 1836 574 est
1857 544 2064 575 recensionem

723 593 855 624 alteram
878 593 1103 633 interpolatam
1132 604 1195 624 esse
1224 594 1369 625 adbibita
1397 594 1531 634 epistula
1557 595 1702 634 Greyorii
1729 595 1836 635 maqni
1859 597 1888 634 4,
1910 597 1943 626 11
1970 606 2066 634 eaque

724 645 804 677 male
827 645 1000 683 intellecta,
1025 656 1062 676 ea
1085 646 1167 677 eizim
1190 646 1245 677 lioe
1269 649 1394 677 tantum
1416 647 1562 686 requirit,
1590 649 1627 677 ut
1654 646 1813 677 abbatissa
1841 657 1910 678 eam
1932 649 2065 678 aetatem

720 698 832 729 babeat
855 700 891 735 et,
914 698 943 727 si
965 708 1028 729 non
1050 701 1145 728 ‹tiitea
1167 699 1328 737 acciperit,
1352 701 1420 729 tum
1442 701 1521 729 certe
1544 697 1680 729 velamen
1702 698 1847 737 accipiat.

570 751 640 787 113,
657 762 668 780 2
692 749 823 791 proteri]
848 749 890 780 II
912 750 1037 780 omnino
1060 752 1149 787 recte,
1173 750 1344 791 presbiteri
1367 750 1402 781 F
1421 760 1491 781 eum
1515 750 1539 781 I

574 804 642 840 134,
661 815 683 832 1³
707 800 870 843 perderet]
897 801 934 841 Ι),
959 801 1112 843 perderet
1134 803 1269 833 iustinus
1293 813 1364 844 aug.
1382 803 1421 842 F,
1445 802 1598 844 perderet
1621 813 1680 833 rex
1703 802 1906 833 theodericus
1923 802 1959 833 K
1978 802 2062 842 (vide

721 864 820 892 supra
840 864 873 892 2).
896 853 1048 894 CXVII)

413 903 527 945 Itaque
564 905 704 946 epitoma
740 905 906 936 Feliciana
940 916 1004 936 non
1038 906 1139 936 solum
1178 906 1278 937 habet
1314 907 1580 948 interpolationes
1617 907 1677 937 sibi
1715 906 1878 948 propriae,
1918 908 1953 936 ut
1993 909 2065 937 sunt

417 956 519 986 relata
543 956 583 987 ad
612 958 658 995 18,
675 970 696 988 ³.
721 958 772 996 22,
789 970 809 996 s,
834 957 891 988 sed
915 958 1012 988 etiam
1037 968 1222 989 communes
1240 969 1310 989 cum
1328 958 1475 989 editionis
1492 959 1679 1000 posterioris
1696 961 1761 988 tam
1780 958 1882 988 classe
1899 958 2011 999 prima,
2029 960 2064 988 ut

414 1012 486 1038 sunt
511 1009 633 1039 relatae
655 1008 696 1039 ad
719 1012 764 1045 13,
784 1022 804 1040 3.
830 1011 880 1045 23,
897 1022 917 1040 4.
949 1012 1017 1048 113,
1034 1022 1054 1045 ¹2.
1079 1021 1174 1052 quam
1191 1010 1304 1050 altera,
1320 1013 1355 1041 ut
1372 1013 1422 1041 est
1436 1011 1539 1041 relata
1556 1010 1597 1041 ad
1621 1013 1671 1049 51,
1687 1023 1708 1041 s.
1754 1009 1826 1041 Hoc
1842 1012 1877 1040 ut
1893 1010 2064 1040 utilitatem

413 1060 480 1090 eius
511 1061 685 1095 imminuit,
716 1061 761 1091 ita
792 1061 885 1092 facile
915 1062 1103 1102 explicatur.
1151 1062 1184 1093 Si
1207 1062 1400 1093 haberemus
1424 1063 1618 1093 breviarium
1643 1061 1791 1093 editionis
1814 1061 1927 1103 prioris
1954 1061 2062 1103 primi-

413 1112 521 1145 tivum.
547 1113 614 1143 sine
640 1113 737 1144 dubio
763 1113 803 1143 ab
829 1113 917 1144 hisce
942 1114 1052 1145 naevis
1076 1115 1223 1145 omnibus
1246 1115 1388 1146 immune
1412 1115 1622 1157 reperiretur:
1654 1113 1881 1156 compendium
1912 1113 1998 1155 quod
2022 1113 2064 1144 ad

412 1174 469 1194 nos
492 1166 640 1206 pervenit
665 1165 817 1196 traditum
843 1165 1006 1197 codicibus
1030 1167 1150 1197 saeculi
1179 1167 1283 1198 octavi
1315 1167 1463 1197 exeuntis
1487 1167 1538 1197 vel
1567 1167 1642 1197 noni
1666 1166 1846 1208 incipientis
1875 1165 1968 1196 facile
1993 1175 2062 1195 cor-

414 1218 517 1257 rumpi
548 1218 652 1258 potuit
679 1218 805 1248 insertis
832 1218 1134 1259 interpolationibus
1162 1219 1298 1260 sumptis
1330 1229 1371 1249 ex
1402 1219 1580 1250 Pontificali
1609 1229 1648 1249 ea
1677 1221 1784 1249 aetate
1809 1218 1873 1248 late
1898 1227 2008 1258 sparso
2033 1220 2065 1247 et

412 1269 529 1309 passim
555 1269 710 1303 lectitato,
735 1269 851 1300 additis
876 1269 1011 1300 fortasse
1036 1269 1169 1301 diversis
1192 1271 1391 1312 temporibus
1417 1281 1436 1301 a
1458 1270 1595 1301 librariis
1619 1270 1772 1312 pluribus.

757 1364 907 1396 RECEN
910 1364 1011 1396 SION
1015 1365 1054 1396 IS
1079 1364 1374 1396 POSTERIORIS
1401 1364 1720 1396 AROHETYPVM.

514 1431 674 1462 Recensio
700 1433 860 1473 posterior
883 1432 1045 1474 quomodo
1063 1433 1191 1464 differat
1214 1443 1233 1464 a
1255 1434 1373 1475 priore,
1398 1434 1505 1464 elucet
1529 1444 1571 1464 ex
1594 1433 1632 1463 iis
1655 1443 1737 1474 quae
1762 1432 1802 1463 de
1826 1432 1887 1463 hac
1910 1432 2064 1468 diximus;

411 1483 533 1513 scilicet
557 1494 669 1514 omnes
693 1484 714 1514 ii
745 1485 805 1515 loci
837 1485 889 1526 qui
915 1485 1087 1527 explentur
1110 1486 1162 1516 vel
1187 1485 1399 1516 emendantur
1423 1485 1575 1516 adhibitis
1607 1484 1755 1515 editionis
1784 1485 1897 1526 prioris
1922 1485 2063 1526 reliquiis

414 1546 485 1566 cum
510 1546 695 1566 communes
721 1537 781 1567 sint
807 1537 1048 1578 exemplaribus
1075 1541 1232 1579 quotquot
1255 1541 1368 1568 extant
1384 1538 1581 1569 recensionis
1605 1536 1777 1574 secundae,
1802 1537 1894 1567 huius
1917 1537 2063 1578 proprie—

411 1590 511 1617 tatem
537 1587 760 1619 determinant.
807 1588 903 1619 Addo
928 1600 1048 1631 paucos
1072 1589 1160 1620 locos
1183 1590 1215 1620 in
1238 1590 1433 1621 recensionis
1459 1589 1620 1620 secundae
1639 1588 1878 1630 exemplaribus
1901 1598 1964 1619 non
1988 1599 2062 1619 0011-

410 1639 572 1669 taminatis
596 1639 722 1671 hiantes
747 1644 780 1671 et
803 1641 923 1672 maiore
958 1651 1000 1672 ex
1031 1645 1122 1683 parte
1154 1642 1303 1684 expletos
1327 1653 1389 1684 ope
1414 1645 1470 1673 aut
1496 1642 1709 1683 epitomarum
1733 1644 1788 1672 aut
1810 1640 1964 1671 librorum
1988 1651 2063 1671 con-

410 1691 638 1722 taminatorum
648 1703 653 1722 z

590 1746 637 1776 14.
668 1747 702 1775 15
727 1744 824 1775 Pium
844 1747 919 1784 post
942 1745 1112 1776 Anicetum
1140 1744 1291 1776 collocant
1315 1746 1466 1785 epitomae
1488 1748 1517 1777 et
1547 1745 1582 1776 el.
1600 1745 1666 1776 III
1691 1755 1761 1775 cum
1792 1747 1853 1776 cat.
1876 1744 2064 1781 Liberiano,·

718 1807 825 1828 verum
854 1797 993 1828 ordinem
1021 1797 1064 1828 ad
1094 1796 1236 1828 Inslieem
1267 1798 1409 1829 restituit
1430 1798 1567 1829 recensio
1590 1797 1729 1828 secunda
1752 1796 1920 1837 (antiquus
1940 1805 2063 1826 reman-

720 1849 762 1879 sit
786 1849 820 1879 iri
843 1849 946 1879 indice
968 1848 1042 1880 libri
1056 1848 1121 1889 B1)

587 1901 664 1939 20,κ
689 1903 822 1942 patenas
850 1901 970 1932 uitreas
1000 1904 1074 1932 ante
1107 1900 1292 1932 sacerdotes
1321 1902 1354 1932 in
1386 1901 1525 1932 ecelesia
1559 1903 1592 1932 et
1623 1900 1783 1931 ministros
1808 1900 2058 1941 <supportantes‚

722 1952 823 1984 donec
859 1953 1028 1995 episcopus
1061 1953 1187 1994 missas>
1226 1953 1406 1985 celebraret
1439 1953 1531 1984 uncis
1562 1952 1598 1995 ()
1628 1951 1846 1991 comprehensa
1874 1961 1931 1983 om.
1956 1951 1985 1982 I.
2009 1950 2059 1989 II,

722 2004 845 2043 explent
867 2004 939 2035 FK
957 2007 985 2035 et
1008 2005 1072 2036 III

587 2056 637 2094 29,
656 2068 664 2086 1
689 2056 859 2097 epistulam
883 2081 889 2087 .
909 2081 915 2087 .
934 2081 941 2089 .
964 2057 1095 2088 missam
1118 2067 1137 2088 a
1161 2057 1221 2097 (sie
1244 2057 1298 2095 II,
1333 2059 1412 2099 aput
1427 2057 1460 2097 I)
1492 2057 1644 2098 cypriano
1677 2055 1841 2098 <accepit):
1877 2054 2060 2086 vocabulum

721 2109 847 2150 accepit
869 2108 960 2139 habet
978 2108 1014 2138 K
1032 2109 1152 2148 (deficit
1167 2109 1222 2146 F),
1247 2119 1304 2140 om.
1329 2109 1356 2140 I.
1380 2109 1424 2139 II
1784 2102 1787 2107 ”

587 2161 637 2198 51,
654 2171 665 2189 4
689 2160 832 2201 sepultus
857 2163 906 2191 est
931 2161 988 2202 <sic
1011 2161 1124 2192 missas
1149 2161 1398 2193 celebrarentur.
1441 2161 1492 2191 hic
1516 2159 1701 2200 constituit,)
1720 2162 1764 2198 ut,
1788 2159 1814 2189 si
1838 2159 1907 2200 quis
1933 2158 2061 2189 deside-

720 2214 805 2242 raret
828 2215 881 2244 eet.
935 2212 1031 2244 Uncis
1053 2213 1273 2252 comprehensa
1296 2223 1353 2244 om.
1371 2213 1397 2243 I.
1415 2212 1464 2250 II,
1488 2211 1610 2251 explent
1626 2211 1661 2242 F
1679 2213 1707 2242 et
1730 2211 1793 2242 ΙΙΙ
1810 2213 1838 2241 et
1861 2221 1898 2241 ez
1916 2213 2010 2250 parte
2027 2209 2066 2241 K

588 2263 639 2302 83,
657 2276 679 2294 34
703 2263 754 2294 hic
778 2265 880 2294 multa
903 2274 1037 2306 corpora
1061 2267 1243 2296 sanctorum
1269 2265 1434 2306 requisivit
1459 2267 1491 2295 et
1514 2264 1654 2303 inuenit,
1680 2273 1814 2305 quorum
1838 2263 1935 2294 etiam
1959 2262 2060 2293 versi-

720 2315 779 2346 bus
803 2315 989 2357 declaravit]
1012 2316 1058 2347 sic
1080 2316 1109 2347 I.
1133 2316 1177 2347 ΙΙ
1196 2316 1388 2355 inwerfeete;
1418 2316 1567 2354 concilia,
1591 2315 1675 2355 quod
1697 2317 1770 2353 post
1794 2315 1891 2345 etiam
1914 2314 2060 2345 inserunt

722 2367 938 2404 contaminati,
956 2378 1077 2406 parum
1100 2370 1210 2408 aptum
1233 2371 1278 2399 est
1300 2370 1328 2399 et
1350 2368 1485 2407 fortasse
1507 2368 1654 2398 additum
1677 2367 1855 2398 coniectura

570 2419 639 2457 120,
655 2430 666 2449 e
689 2428 708 2449 a
732 2418 783 2449 die
814 2419 893 2460 (xiiii
916 2419 946 2449 k.
972 2418 1042 2450 dec.
1073 2430 1174 2461 usque
1202 2420 1234 2451 in
1266 2419 1317 2451 die
1341 2420 1375 2461 x)
1401 2419 1432 2450 k.
1456 2429 1529 2461 aug.
1557 2419 1649 2450 uncis
1672 2418 1890 2458 comprehensa
1914 2428 1970 2449 om.
1988 2418 2012 2449 I
2029 2421 2058 2449 et

720 2470 770 2509 II,
795 2471 919 2501 addunt
942 2471 981 2501 K
998 2473 1027 2501 ct
1050 2471 1258 2502 contaminati

413 2520 558 2561 Denique
583 2522 687 2563 spatia
711 2524 954 2565 episcopatuum
977 2523 1009 2553 111
1032 2523 1164 2554 huiusce
1188 2523 1383 2555 recensionis
1416 2522 1655 2564 exemplaribus
1686 2525 1817 2564 praeter
1840 2521 2058 2553 contaminata

412 2572 570 2612 quaedam
595 2574 742 2605 omnibus
765 2575 810 2606 ita
832 2574 969 2606 vidimus
998 2575 1193 2607 concordare
1218 2575 1263 2618 (p.
1280 2575 1361 2607 LIII
1371 2575 1470 2617 seq),
1495 2578 1530 2605 ut
1553 2576 1709 2616 appareat
1740 2573 1782 2604 ad
1804 2573 1920 2604 Indicis
1945 2584 2056 2604 exem-

413 2623 482 2664 plar
506 2625 635 2666 aliquod
659 2626 828 2658 deterioris
852 2626 969 2657 ordinis
993 2637 1033 2658 ea
1057 2631 1172 2658 exacta
1189 2638 1269 2664 esse,
1287 2627 1428 2658 habeant
1449 2630 1557 2657 autem
1573 2625 1707 2657 mendas
1723 2625 1854 2666 aliquot,
1870 2628 1905 2655 ut
1921 2626 2059 2667 spatium

412 2675 568 2716 l’elagiil
593 2687 746 2709 annorum
764 2689 826 2709 non
844 2682 1006 2720 quattuor,
1023 2679 1081 2710 sed
1097 2679 1255 2720 undecim,
1273 2680 1313 2711 ab
1337 2679 1406 2721 ipso
1431 2682 1561 2710 auctore
1586 2677 1726 2709 secundo
1751 2677 1935 2708 commissas
1959 2680 1991 2708 et
2018 2687 2060 2708 ex

412 2727 479 2757 eius
510 2728 684 2770 archetypo
708 2731 738 2760 in
762 2734 931 2772 utramque
956 2731 1091 2762 classem
1114 2732 1235 2773 pariter
1258 2733 1465 2773 propagatae.

516 2778 672 2810 Itecensio
696 2782 854 2822 posterior
876 2782 931 2813 ubi
955 2783 1099 2813 consulto
1123 2782 1246 2814 recedit
1269 2793 1288 2814 a
1310 2783 1431 2825 priore,
1463 2781 1674 2823 archetypum
1704 2780 1787 2811 illius
1811 2780 1983 2811 verisimile
2008 2783 2057 2811 est

412 2830 571 2871 duplicem
603 2832 773 2863 lectionem
809 2834 959 2864 habuisse
992 2835 1042 2865 vel
1078 2834 1109 2865 in
1143 2835 1288 2876 margine
1322 2834 1558 2872 additamenta,
1588 2834 1760 2874 potestque
1793 2831 1920 2873 quaeri,
1954 2843 2058 2863 annon
