2245 3213
438 206 496 232 LV!
1120 200 1402 227 PROLEGOMENA.

583 293 618 323 cl.
645 292 692 322 III
719 291 862 322 codicum
888 290 1084 321 pontificalis
1110 290 1215 330 (Εϋριι
1241 292 1273 320 ot
1296 299 1314 318 u,
1338 288 1440 329 prima
1464 288 1619 330 scriptura
1635 287 1694 328 El)
1718 288 1749 319 in
1772 288 1882 330 spatiis
1904 290 1928 318 1.
1948 289 1977 318 2.
1995 288 2089 319 5—8.

652 345 781 373 10—12.
811 344 942 373 17—725.
969 343 1106 373 28—30.
1131 344 1170 371 33
1202 350 1351 372 numeros
1380 339 1568 371 Libcrianos
1600 341 1652 371 vel
1687 343 1772 371 certe
1809 340 1943 381 vestigia
1980 349 2089 370 eorum

647 395 794 425 servavit.

584 447 618 477 F
644 447 745 488 spatia
763 445 934 476 Liberiana
954 448 1041 475 certa
1059 444 1179 485 (01:21)
1196 454 1259 475 non
1276 444 1375 474 babet
1393 444 1537 486 exceptis
1555 443 1678 474 duobus
1695 444 1853 486 episeopis
1869 444 2026 475 Anacleto
2043 444 2090 486 (5)

645 499 673 528 in
707 497 815 528 Indice
847 497 963 527 omisso
998 500 1030 527 et
1058 496 1204 527 Miltiade
1230 495 1312 537 (33),
1350 496 1399 526 cui
1431 495 1517 537 quod
1552 495 1668 526 Indicis
1705 496 1904 538 exemplaria
1937 496 2091 538 pleraque

645 549 787 580 tribuunt
812 548 949 589 spatium
973 547 1092 578 nudum
1116 559 1144 579 a.
1163 548 1242 587 IIII,
1267 548 1339 578 huic
1364 548 1569 589 epitomatori
1594 547 1721 578 videtur
1745 547 1954 589 displicuisse.

585 602 622 632 cl.
647 601 661 631 I
687 605 719 631 et
743 600 775 631 II
800 600 946 631 codicum
963 600 1159 631 Pontifieulis
1184 600 1329 630 similiter
1352 610 1368 630 a
1394 600 1534 630 numeris
1551 599 1733 630 Liberianis
1757 600 1920 631 abstinent
1945 601 2091 642 exceptis

647 653 772 684 duobus
797 653 956 694 episcopis
974 651 1127 683 Marcello
1145 651 1216 693 (31)
1240 652 1271 682 in
1288 650 1398 682 Indice
1425 651 1540 682 omisso
1567 655 1599 682 et
1622 651 1822 693 aliquatenus
1839 651 1985 682 Miltiade
2003 651 2092 693 (33);

648 705 768 736 scilicet
797 705 829 735 in
861 704 921 735 hoe
955 704 992 734 cl.
1015 704 1030 734 Ι
1054 707 1088 734 ut
1117 704 1258 745 epitome
1283 702 1316 734 F
1340 703 1458 734 retinet
1489 703 1627 744 spatium
1650 702 1872 743 Liberianum,
1902 703 1941 735 cl.
1959 703 1993 734 II
2017 703 2093 734 facit

648 767 719 787 cuni
745 755 865 787 Indice.

544 817 688 848 lndicem
714 827 731 847 e
756 817 914 848 contrario
940 816 1136 847 Pontificalis
1161 815 1303 857 sequitur
1326 815 1357 846 in
1382 815 1446 846 his:

553 873 574 901 1.
606 869 641 899 ln
667 869 760 899 Cleto
795 872 827 899 et
851 868 1020 899 Clemente
1045 867 1245 907 ordinandis,
1276 870 1311 897 ut
1339 877 1435 908 supra
1463 865 1616 906 vidimus,
1646 866 1718 898 libri
1743 867 1939 898 Pontificalis
1972 867 2092 909 primus

440 925 553 952 auctor
576 921 720 952 Iudicem
745 924 873 951 secutus
898 924 956 959 est,
982 930 1086 961 neque
1112 919 1143 950 id
1167 922 1372 950 mutaverunt
1396 919 1449 960 qui
1473 929 1545 950 eum
1570 922 1684 960 postea
1708 922 1949 951 recensuerunt.

546 975 574 1004 2.
600 973 692 1004 Pium
718 976 750 1003 et
773 973 947 1004 Anicetum
972 975 1068 1003 antea
1092 972 1218 1003 inverso
1244 971 1354 1002 ordine
1386 971 1507 1013 positos
1534 971 1575 1002 ad
1599 971 1741 1002 Indicein
1766 971 1923 1002 ordinavit
1947 971 2092 1002 recensio

444 1036 492 1064 ea,
517 1036 533 1055 u
560 1036 622 1066 qua
647 1024 790 1066 pendent
814 1025 885 1055 libri
911 1025 949 1055 cl.
974 1024 999 1055 I.
1018 1024 1062 1055 ΙΙ.

545 1079 573 1108 3.
598 1077 691 1107 Felix
709 1076 740 1107 II
759 1077 828 1117 (38)
847 1086 888 1107 ex
905 1075 1014 1107 Indice
1032 1076 1063 1106 in
1087 1075 1203 1106 librum
1219 1075 1443 1106 Pontificalem
1467 1075 1508 1105 ab
1530 1075 1599 1116 ipso
1624 1074 1691 1105 eius
1715 1077 1845 1105 auctore
1867 1074 1969 1116 primo
1990 1077 2092 1106 trans-

442 1129 523 1158 latus
556 1132 618 1167 est,
650 1139 721 1158 cum
752 1127 952 1169 exemplaria
981 1127 1086 1158 omnia
1115 1130 1180 1157 tam
1212 1127 1388 1168 epitomata
1412 1136 1507 1168 quam
1531 1126 1628 1168 plena
1652 1136 1724 1156 eum
1748 1126 1901 1157 habeant.
1948 1126 2094 1168 Spatium

444 1180 594 1222 exempla
626 1179 742 1211 Indicis
775 1180 924 1211 omittunt
954 1183 1042 1210 recte
1072 1179 1217 1219 omnine,
1249 1179 1415 1220 quoniam,
1447 1181 1483 1209 ut
1510 1179 1578 1220 ipse
1610 1178 1692 1209 liber
1720 1178 1914 1209 Pontificalis
1940 1178 1983 1220 (p.
2002 1178 2094 1220 79‚2)

442 1232 496 1271 ait,
522 1232 553 1262 id
577 1231 860 1273 comprehenditur
880 1232 983 1273 spatio
1002 1232 1095 1262 simul
1113 1231 1253 1262 sedentis
1273 1230 1415 1272 episcopi
1432 1229 1563 1263 Liberii.
1611 1229 1677 1261 Sed
1699 1230 1731 1260 in
1747 1230 1928 1261 Pontificali
1952 1233 1987 1260 ut
2011 1240 2094 1272 quae

443 1283 482 1314 de
514 1284 602 1315 obitu
634 1284 701 1314 eius
731 1288 901 1315 narrantur
928 1284 1066 1326 pessime
1099 1283 1227 1314 turbata
1258 1286 1329 1313 sunt
1361 1286 1393 1313 et
1417 1281 1654 1324 quodammodo
1687 1281 1861 1324 duplicata,
1891 1282 1935 1312 ita
1958 1282 2096 1324 spatium

443 1346 571 1377 quoque
597 1336 625 1366 ei
650 1336 850 1375 adscribitur,
876 1346 938 1366 non
963 1335 1048 1367 idem
1074 1339 1181 1366 tamen
1205 1336 1237 1366 in
1260 1335 1348 1366 libris
1366 1334 1527 1371 omnibus;
1552 1334 1673 1366 scilicet
1697 1334 1837 1376 epitome
1855 1333 2041 1365 Cononiana
2065 1336 2098 1364 et

443 1388 514 1418 cl.I
546 1392 579 1419 et
606 1388 639 1418 II
667 1388 738 1418 libri
766 1388 962 1419 Pontifiealis
999 1388 1066 1419 fere
1106 1387 1340 1418 consentientia
1374 1387 1403 1418 ei
1433 1386 1576 1418 tribuunt
1606 1397 1634 1417 a.
1659 1386 1675 1416 Ι
1705 1397 1745 1416 m.
1771 1385 1823 1416 III
1851 1385 1879 1416 d.
1905 1385 1952 1422 H;
1988 1386 2025 1417 cl.
2047 1385 2098 1416 III

443 1450 471 1469 a.
492 1439 505 1469 I
532 1450 573 1470 m.
591 1439 634 1479 II,
658 1439 822 1470 Feliciana
840 1440 981 1481 epitome
1006 1449 1034 1470 a.
1052 1439 1112 1478 III,
1131 1449 1213 1480 quae
1239 1438 1461 1470 commenticia
1479 1448 1548 1469 esse
1567 1440 1702 1480 apparet
1720 1437 1825 1468 omnia
1849 1440 1881 1468 et
1905 1437 2032 1468 adiecta
2055 1437 2097 1468 ad

444 1492 565 1522 hiatum
590 1491 796 1532 explendum.
843 1491 967 1521 Primus
984 1490 1182 1521 Pontificalis
1206 1493 1317 1521 auctor
1339 1493 1446 1521 utrum
1463 1499 1613 1520 numeros
1631 1499 1686 1520 eos
1703 1489 1847 1531 posuerit
1872 1499 1951 1531 quos
1975 1489 2097 1520 habent

446 1543 517 1573 libri
534 1542 633 1573 ΚΑΒ
651 1553 770 1584 eosque
794 1543 826 1573 in
842 1542 908 1573 EF
928 1543 1127 1584 corruperint
1143 1542 1263 1573 librarii
1288 1552 1328 1572 an
1352 1541 1490 1583 spatium
1514 1541 1554 1572 ab
1578 1541 1647 1583 ipso
1672 1551 1735 1572 non
1759 1540 1919 1573 adiectum
1950 1541 2096 1573 diasceu-

447 1598 537 1625 astae
562 1595 757 1636 posteriores
783 1594 910 1626 diversa
934 1595 1057 1626 ratione
1082 1595 1295 1636 expleverint,
1321 1604 1384 1625 non
1409 1593 1534 1625 definio.

551 1650 579 1679 4.
604 1646 717 1689 Spatia
741 1646 783 1677 ad
807 1646 950 1678 Indicem
975 1647 1147 1678 constituta
1171 1646 1375 1688 reperiuntur
1398 1646 1494 1677 haec:

594 1698 632 1729 K
656 1699 687 1729 in
712 1698 870 1741 episcopis
889 1701 916 1731 7.
935 1701 963 1730 S.
981 1702 1011 1731 9.
1034 1701 1079 1731 13.
1103 1701 1147 1729 15.
1170 1700 1215 1730 16.
1240 1700 1284 1730 19.
1304 1699 1354 1729 20.
1377 1700 1427 1729 24.
1453 1699 1502 1729 25.
1528 1699 1578 1729 27.
1604 1698 1654 1729 28.
1680 1698 1729 1728 22).
1755 1698 1804 1728 32.
1830 1699 1881 1728 33.
1907 1698 1957 1729 34.
1983 1698 2033 1728 35.
2058 1698 2098 1727 36

654 1761 803 1781 numeros
827 1755 882 1782 aut
908 1761 1018 1782 omnes
1042 1754 1097 1782 aut
1121 1762 1162 1781 ex
1186 1754 1277 1792 parte
1302 1750 1344 1781 ad
1359 1749 1504 1781 Iudicem
1521 1749 1664 1788 exhibet,
1689 1748 1747 1780 sed
1770 1749 1824 1789 ita,
1848 1752 1883 1780 ut
1906 1749 1961 1781 ubi
1985 1759 2096 1781 exem-

655 1803 757 1845 plaria
770 1803 905 1842 variant,
924 1806 1076 1845 sequatur
1090 1802 1157 1833 fere
1176 1802 1330 1833 familiam
1344 1802 1557 1843 antiquiorem
1575 1804 1607 1831 et
1623 1801 1812 1842 plerumque
1829 1801 1990 1842 puriorem
2009 1800 2053 1843 (n.
2070 1802 2097 1831 7.

660 1857 706 1886 13.
725 1857 770 1885 15.
791 1856 837 1885 16,
855 1856 904 1886 24.
920 1856 982 1894 27).
1008 1854 1210 1885 Contrarium
1228 1864 1300 1885 raro
1318 1854 1434 1894 evenit,
1450 1856 1485 1884 ut
1502 1853 1533 1884 in
1549 1851 1691 1883 Eusebio
1710 1852 1749 1893 (c.
1764 1852 1834 1893 32);
1852 1852 1908 1883 sed
1926 1863 1996 1883 cum
2010 1852 2097 1884 Indi-

657 1906 700 1937 cis
715 1908 915 1949 exemplaria
930 1908 1050 1949 passim
1069 1907 1246 1949 divcrgant,
1265 1906 1479 1948 singularibus
1495 1906 1526 1936 in
1543 1905 1599 1936 tali
1615 1915 1649 1936 re
1663 1915 1726 1935 non
1740 1908 1788 1936 est
1801 1904 2094 1936 obsecundandum.

603 1957 636 1988 F
656 1962 688 1988 et
706 1958 742 1989 cl.
760 1958 784 1989 I.
805 1959 837 1990 II
854 1962 888 1990 ut
905 1970 1000 2001 supra
1017 1959 1152 1990 vidimus
1168 1959 1200 1990 in
1218 1959 1326 2001 spatiis
1344 1961 1527 1990 constanter
1544 1959 1719 1998 sequuntur
1741 1956 1884 1987 Indicem
1907 1957 2007 1987 tribus
2032 1956 2100 1998 epi-

656 2010 760 2051 scopis
790 2011 934 2052 exeeptis
960 2011 1119 2042 Anacleto
1145 2010 1195 2052 (5)
1228 2014 1260 2042 et
1287 2010 1441 2041 Marcello
1467 2009 1535 2051 (30)
1568 2011 1680 2050 utpote
1710 2008 1741 2038 in
1770 2007 1880 2039 Indice
1912 2008 2034 2039 omissis
2068 2010 2101 2038 et

658 2062 861 2103 aliquatenus
886 2062 1030 2094 Miltiade
1056 2063 1126 2104 (353)
1157 2066 1268 2104 utpote
1304 2063 1335 2093 in
1368 2062 1478 2093 Indice
1514 2071 1614 2092 annos
1649 2061 1734 2092 solos
1770 2060 1920 2092 habente.
1976 2060 2014 2091 In
2053 2060 2101 2091 his

659 2118 816 2155 quatenus
841 2115 945 2156 spatia
967 2114 1142 2146 Liberiana
1166 2115 1267 2146 secuti
1291 2115 1362 2153 sint,
1387 2123 1482 2155 supra
1506 2112 1742 2145 adnotavimus:
1767 2110 1939 2154 practerea
1962 2112 1994 2143 F
2015 2111 2100 2143 Mar·

659 2166 740 2196 cello
773 2167 882 2198 tribuit
913 2167 1050 2208 spatium
1081 2170 1203 2198 temere
1233 2167 1466 2208 excogitatum,
1497 2165 1694 2196 Pontificalis
1721 2164 1759 2196 cl.
1783 2164 1798 2194 I
1831 2167 1864 2195 et
1886 2164 1920 2195 II
1943 2164 2101 2196 Anacleto

659 2218 797 2259 spatium
823 2218 1001 2250 decessoris
1019 2218 1196 2250 Clementis
1214 2222 1336 2250 temere
1353 2218 1534 2260 repetitum.
1574 2216 1732 2247 Adhibuit
1748 2219 1857 2247 autem
1875 2219 1940 2248 tam
1964 2217 2100 2259 scriptor

659 2269 729 2301 libri
755 2271 823 2301 eius
847 2282 866 2302 a
891 2281 952 2312 quo
977 2271 1098 2313 pendet
1115 2271 1256 2313 epitome
1273 2271 1307 2302 F
1327 2281 1423 2312 quam
1447 2270 1499 2311 qui
1521 2269 1645 2310 scripsit
1665 2269 1899 2310 exemplarium
1924 2269 1962 2301 cl.
1979 2268 1995 2299 I
2019 2271 2051 2299 et
2070 2268 2102 2299 ΙΙ

660 2322 881 2364 archetypum,
906 2328 939 2354 ut
963 2327 1050 2354 recte
1077 2323 1259 2354 observavit
1276 2322 1478 2354 Ducliesnius
1504 2323 1546 2363 (p.
1564 2320 1736 2362 LXXIX),
1760 2320 1878 2351 Indicis
1903 2320 2102 2363 exemplaria

660 2374 790 2405 minime
815 2374 926 2416 proba,
951 2375 1073 2405 scilicet
1096 2375 1173 2405 talia
1197 2375 1275 2414 fere,
1300 2374 1406 2416 qualia
1430 2378 1502 2405 sunt
1519 2373 1695 2414 Albigense
1721 2372 1765 2414 (n.
1784 2373 1815 2413 7)
1842 2372 2036 2414 descriptum
2061 2382 2103 2403 ex

660 2427 769 2458 codiee
787 2427 905 2469 scripto
923 2438 950 2458 a.
969 2429 1029 2457 6723
1057 2431 1088 2458 et
1105 2427 1381 2469 Fredegariannm
1408 2426 1450 2467 (n.
1469 2426 1502 2467 S)
1527 2426 1603 2457 item
1621 2425 1739 2456 sacculi
1756 2424 1822 2456 VII
1847 2425 1994 2455 exeuntis
2014 2423 2102 2465 (vide

661 2489 742 2519 quae
768 2489 864 2520 supra
888 2478 1025 2510 diximus
1050 2478 1089 2510 dc
1107 2479 1170 2520 K).
1222 2479 1302 2510 Inde
1332 2479 1536 2510 confirmatur
1566 2477 1651 2520 quod
1683 2487 1779 2518 supra
1812 2477 1974 2518 posuimus
1997 2486 2103 2518 neque

662 2530 857 2561 l'ontifiealis
883 2530 1057 2562 editionem
1082 2531 1217 2562 alteram
1243 2530 1473 2572 (cf.p.XV11)
1504 2541 1610 2572 neque
1633 2529 1831 2560 Felicianam
1860 2529 2025 2570 epitomen
2050 2528 2103 2568 (cf.

663 2593 691 2622 p.
710 2582 801 2621 XIV)
827 2593 865 2613 co
881 2587 976 2621 statu,
1001 2593 1063 2624 quo
1087 2593 1144 2614 nos
1170 2594 1240 2614 eam
1264 2583 1430 2622 habemus,
1456 2582 1612 2624 prodiisse
1637 2585 1711 2612 ante
1736 2581 1898 2612 saeculum
1921 2581 2103 2622 septimum.

664 2633 834 2674 Epitoinen
870 2634 1066 2665 Felicianam
1099 2636 1151 2676 qui
1178 2635 1222 2666 ita
1250 2635 1456 2676 interpolavit
1485 2634 1594 2676 quaeri
1627 2633 1758 2675 poterit,
1788 2636 1892 2664 utrum
1924 2631 2105 2663 adhibuerit

669 2685 782 2716 ludin-is
802 2686 930 2728 aliquod
950 2687 1133 2728 exemplum
1151 2698 1191 2718 an
1209 2687 1358 2718 editionis
1375 2687 1570 2728 posterioris,
1589 2696 1684 2728 quarn
1709 2685 1737 2716 ei
1761 2695 1823 2715 non
1847 2685 1988 2725 ignotam
2007 2684 2104 2715 fuisse

667 2736 744 2766 inl'ra
771 2738 959 2769 videbimus.
1008 2739 1072 2769 Sed
1099 2740 1199 2779 magis
1224 2739 1367 2770 Iudicem
1392 2739 1583 2781 adsumpsit,
1607 2738 1694 2769 euius
1718 2736 1882 2768 abundant
1905 2736 2104 2777 exemplaria

664 2789 802 2818 maxime
820 2789 1069 2830 Fredvgariana,
1096 2791 1244 2831 quoniam
1271 2791 1361 2821 alteri
1387 2791 1526 2832 opinioni
1551 2790 1679 2821 obstant
1702 2799 1784 2830 quac
1803 2788 1898 2820 modo
1923 2788 2104 2819 rettulimus

665 2839 765 2879 spatia
791 2840 937 2871 Anacleti
964 2846 994 2871 ct
1022 2842 1195 2872 Marcellini
1221 2853 1236 2872 a
1263 2843 1349 2873 libris
1375 2843 1411 2873 cl.
1439 2843 1461 2873 l.
1490 2842 1519 2873 ll.
1546 2841 1741 2873 recedentia.
