2245 3213
155 1855 177 1872 10

152 2377 177 2396 20

153 2635 176 2654 ¹25

880 217 1162 244 PROLEGOMENA.
1809 216 1842 241 IX

198 305 311 345 integri
337 305 410 335 olim
436 305 528 336 tertio
553 304 676 335 decimo
703 303 993 345 (quaternionibus,
1019 305 1069 345 qui
1094 304 1209 345 integri
1234 306 1421 344 supersunt.
1450 302 1521 332 inde
1548 314 1562 332 a
1591 304 1684 333 tertio
1709 315 1724 332 :1
1752 313 1845 332 manu

197 357 300 398 prima
322 357 353 386 in
376 357 438 387 fine
463 357 605 397 inscripti
629 361 700 387 sunt
725 357 862 392 numeri)
887 356 996 397 incipit
1021 356 1209 396 Hieronymi
1235 356 1482 386 commentarius
1509 355 1549 385 dc
1577 355 1648 384 viris
1674 355 1846 384 illustribus

198 418 268 438 cum
297 409 438 439 auctario
468 408 639 447 Gennadii,
674 419 768 449 quem
799 408 962 448 excipiunt
992 411 1085 448 gesta
1119 408 1280 438 Aeaci-ana
1313 407 1475 441 (Maassen
1512 406 1635 445 (jlcellrn
1671 409 1675 435 1
1712 417 1740 446 p.
1761 406 1846 436 7⁴5:st

196 459 372 500 Supersunt
397 470 437 490 ex
468 459 651 501 pontificum
676 460 747 490 vitis
773 459 933 489 Anastasii
958 459 989 489 II
1022 470 1094 500 pars
1126 463 1271 490 extrema
1301 462 1333 489 et
1369 462 1437 489 tota
1470 459 1535 488 vita
1560 458 1759 498 Symmachi.
1798 458 1845 487 ‹fui

195 521 344 542 numerus
368 511 553 552 praefigitur
570 511 642 544 LII.
669 511 796 552 copiose
815 514 978 542 enarrata:
1003 510 1050 540 his
1075 511 1242 541 subiuncta
1268 511 1492 551 episcoporum
1516 510 1644 540 nomina
1663 509 1842 539 LlllssLX

195 563 235 593 ab
263 562 437 593 Hormisda
467 562 508 592 ad
532 562 684 603 Yigilium
716 562 832 592 additis
856 563 965 603 spatiis
992 573 1062 592 cum
1087 566 1179 603 gesta
1203 562 1288 592 nulla
1319 562 1460 592 habeant
1492 561 1669 602 adscripta,
1701 561 1847 591 videntur

197 614 322 645 adiecta
357 625 428 644 esso
463 625 479 644 a
513 614 640 644 librario
675 615 811 644 fortasse
842 615 939 655 ipsius
974 614 1064 644 huius
1095 613 1221 644 codicis.
1275 613 1407 654 Scripsit
1441 613 1535 653 igitur
1570 616 1679 643 auctor
1712 612 1845 643 sedente

196 665 370 696 Hormisda
394 668 425 696 et
450 666 592 707 quidem.
618 674 651 697 ut
676 667 824 697 observat
851 666 1058 699 [luchesnius.
1084 666 1218 696 durante
1244 665 1414 696 schismate
1443 676 1480 695 eo
1507 665 1592 706 quod
1616 665 1711 695 finem
1736 665 1847 694 habuit

196 728 223 748 a.
251 719 322 748 519.
367 717 458 748 Folia
486 728 601 748 novem
633 728 713 758 quae
746 717 966 748 desiderantur
990 717 1015 747 si
1039 728 1101 747 uon
1133 717 1355 747 continuerunt
1386 717 1443 746 nisi
1469 717 1651 757 catalogum
1680 726 1844 756 paparum.

195 769 320 810 singula
344 769 455 811 quinas
479 770 546 800 fere
564 770 644 799 vitas
668 769 858 800 habuerunt.
898 769 1009 799 Potest
1033 779 1183 799 recensus
1207 768 1258 799 hic
1275 768 1485 799 Liberianum
1512 767 1764 798 continuavisse:
1790 767 1846 798 sed

195 821 316 859 obstat,
353 820 439 862 quod
470 824 581 851 auctor
617 820 757 861 corporis
793 820 977 850 Damasiani
1011 830 1204 860 quamquam
1237 820 1421 860 catalogum
1450 819 1657 850 Liberianum
1691 819 1846 851 adhibuit.

196 883 309 914 corpus
327 872 605 914 Symmachianum
622 873 789 913 ignoravit.
817 890 853 893 -—
880 871 1057 902 Ediderunt
1081 882 1163 912 quae
1182 882 1223 902 ex
1240 882 1278 902 eo
1296 876 1468 913 supersunt
1494 872 1635 912 corporis
1662 871 1845 901 Damasiani

195 924 334 955 editores
362 924 548 954 Franciscus
578 928 609 953 et
638 923 793 964 Iosephus
823 923 1026 953 Blanchinius
1057 924 1132 957 (vol.
1156 926 1173 954 ’ὁ
1204 934 1232 953 a.
1256 925 1333 954 1725
1365 934 1395 964 p.
1420 925 1480 953 209
1513 923 1718 963 imperfecte.
1752 923 1845 964 plene

195 977 255 1008 vol.
274 979 290 1006 4
316 986 343 1007 a.
367 977 443 1006 1735
476 986 506 1016 p.
524 974 648 1015 LXIX)
682 979 714 1005 et
743 975 801 1005 sub
833 975 923 1005 titulo
957 975 1127 1016 fragmenti
1152 975 1377 1007 Laurentiani.
1413 978 1583 1016 propterea
1618 973 1703 1015 quod
1737 977 1847 1003 auctor

195 1027 282 1058 favet
306 1026 489 1068 Symmachi
512 1026 695 1057 adversario
720 1026 905 1062 Laurentio.
929 1026 1131 1057 Duchesnius
1156 1026 1233 1067 (vol.
1258 1030 1267 1057 1
1294 1037 1324 1068 p.
1344 1028 1470 1057 43—46
1496 1026 1534 1056 cf.
1559 1037 1589 1067 p.
1609 1025 1728 1056 XXX).
1768 1025 1844 1055 Mihi

195 1079 337 1110 codicem
361 1078 465 1109 denuo
490 1079 621 1109 contulit
637 1078 824 1109 Edmundus
840 1078 964 1108 Hauler
988 1078 1230 1118 diligentissime
1256 1082 1288 1109 et
1310 1079 1379 1120 ipse
1405 1088 1533 1120 quoque
1559 1088 1631 1108 eum
1658 1077 1840 1117 recognovi.

194 1131 359 1172 Reliquias
393 1130 450 1161 has
481 1130 699 1161 commentarii
723 1130 919 1160 Damasiano
952 1130 1138 1171 antiquioris
1168 1134 1199 1160 et
1227 1131 1323 1171 longe
1355 1130 1612 1171 praestantioris.
1649 1139 1841 1170 quamquam

193 1184 276 1213 inter
293 1193 347 1213 eas
364 1186 396 1213 et
419 1193 534 1224 eorpus
550 1181 782 1212 Damasianum
806 1182 892 1212 nulla
909 1182 1088 1212 coniunctio
1106 1181 1286 1217 intercedit,
1312 1193 1370 1212 nos
1389 1192 1452 1212 una
1476 1192 1546 1212 cum
1566 1192 1602 1211 ea
1628 1181 1843 1221 proponimus.

194 1238 228 1264 ut
251 1235 399 1275 leguntur
420 1234 452 1264 in
476 1233 586 1265 codice
603 1233 791 1265 Veronensi.
838 1233 972 1264 Lineola
999 1235 1002 1272 Ι
1028 1233 1185 1274 significat
1217 1237 1348 1275 puncta,
1383 1234 1497 1275 quibus
1526 1234 1558 1264 in
1587 1233 1698 1263 codice
1724 1233 1842 1273 passim

196 1289 356 1316 commata
379 1289 575 1328 separantur.

349 1379 410 1422 [ad]
428 1381 438 1419 ΙΙ
456 1381 685 1422 imperatorem
702 1379 907 1410 Anastasium
925 1379 1045 1410 directa
1070 1389 1127 1420 per
1144 1379 1351 1410 Cresconium
1371 1382 1403 1410 et
1420 1379 1617 1410 Germanum
1642 1380 1821 1421 episcopos,

349 1443 430 1474 quae
455 1436 543 1463 tanta
567 1432 793 1463 scribturarum
819 1432 1005 1462 caelestium
1022 1432 1212 1462 auctoritate
1230 1431 1359 1461 suffulta
1385 1436 1442 1469 est.
1465 1432 1468 1471 Ι
1489 1435 1524 1462 ut
1550 1432 1601 1472 qui
1624 1431 1705 1461 hanc
1723 1432 1845 1461 intenta

349 1488 456 1515 mente
481 1484 538 1515 sub
563 1484 668 1514 divino
693 1484 806 1514 timore
832 1484 1016 1524 perlegerit.
1039 1484 1041 1523 Ι
1063 1484 1200 1514 inaniter
1224 1483 1378 1513 hactenus
1408 1484 1490 1514 inter
1514 1484 1666 1514 ecelesias
1684 1482 1822 1514 Orientis

349 1540 381 1566 et
404 1536 518 1567 Italiae
541 1537 543 1575 [
564 1536 700 1566 schisma
725 1539 788 1566 tam
813 1536 969 1566 nefarium
994 1535 1168 1576 perdurare
1193 1540 1375 1576 cognoscat.

250 1587 324 1618 LII:
351 1587 560 1629 Symmachus
585 1587 667 1618 sedit
691 1598 789 1618 annos
814 1587 1004 1628 quindecem
1030 1598 1156 1618 menses
1181 1591 1305 1628 septem
1331 1587 1399 1618 dies
1424 1588 1535 1628 viginti
1560 1596 1591 1617 et
1613 1592 1747 1628 septem.
1774 1597 1844 1616 cum

348 1639 408 1670 hoc
432 1643 539 1670 autem
564 1640 667 1670 fuerat
691 1639 883 1669 Laurentius
908 1639 1074 1669 Romanae
1101 1639 1257 1669 ecclesiae
1282 1639 1453 1680 presbyter
1481 1639 1644 1669 ordinatus
1676 1639 1844 1680 episcopus

349 1694 502 1732 tantaque
520 1691 639 1722 clerum
656 1702 692 1721 ac
712 1692 717 1731 Ι
738 1691 890 1732 populum
908 1691 1089 1721 Romanum
1108 1690 1265 1721 discordia
1289 1691 1397 1721 feralis
1415 1691 1587 1727 invaserat.
1611 1695 1646 1721 ut
1663 1701 1722 1721 nec
1740 1690 1844 1721 divina

350 1743 562 1773 consideratio
593 1745 596 1781 Ι
622 1754 680 1774 nec
712 1747 814 1773 metus
846 1743 952 1783 regius
985 1746 1092 1784 partes
1122 1753 1140 1773 a
1170 1743 1299 1784 propria
1327 1743 1500 1774 conlisione
1536 1743 1710 1774 cohiberet.
1738 1743 1740 1776 Ι
1771 1746 1844 1772 tunc

349 1798 505 1836 coguntur
525 1795 528 1833 Ι
549 1795 684 1836 utrique,
707 1797 710 1834 Ι
733 1795 943 1836 Symmachus
965 1795 1085 1825 scilicet
1103 1798 1134 1825 et
1156 1796 1158 1833 Ι
1180 1794 1381 1829 Laurentius,
1400 1795 1524 1835 regium
1544 1795 1677 1825 subituri
1693 1793 1843 1824 iudicium

348 1850 458 1887 petere
494 1847 689 1878 comitatum.
722 1846 726 1887 Ι
756 1846 798 1877 ibi
835 1846 1045 1887 Symmachus
1079 1847 1184 1877 multis
1220 1847 1363 1887 pecuniis
1397 1847 1538 1887 optinet:
1574 1846 1764 1876 Laurentius
1803 1846 1844 1876 ad

348 1897 590 1938 gubernandam
616 1899 785 1929 ecclesiam
809 1898 980 1928 Nuceriam
999 1897 1196 1939 Campaniae
1222 1899 1383 1929 civitatem
1409 1899 1552 1939 plurimis
1577 1902 1707 1928 coactus
1725 1898 1817 1928 minis
1840 1898 1841 1937 Ι

346 1949 672 1991 promissionibusque
698 1949 851 1990 dirigitur.
878 1950 881 1989 Ι
909 1953 981 1991 post
1005 1949 1135 1991 aliquod
1168 1954 1275 1980 autem
1305 1961 1406 1980 annos
1436 1961 1492 1991 pro
1524 1950 1631 1980 multis
1660 1949 1843 1980 criminibus

347 2005 424 2043 aput
453 2012 564 2043 regem
589 2002 799 2043 Symmachus
828 2005 1003 2033 accusatur.
1039 2012 1135 2043 quem
1159 2013 1216 2032 rex
1238 2004 1241 2040 Ι
1263 2002 1320 2032 sub
1346 2003 1513 2032 occasione
1543 2001 1694 2043 paschali.
1724 2002 1726 2040 Ι
1757 2001 1842 2042 quod

348 2063 410 2083 non
444 2064 515 2084 cum
549 2054 755 2084 universitate
796 2053 1031 2091 celebraverat.
1071 2053 1111 2083 ad
1150 2055 1333 2084 comitatum
1373 2052 1552 2095 convolcat]
1591 2054 1747 2083 rationem
1789 2051 1839 2095 d[e

349 2103 467 2146 tantae]
497 2105 675 2136 festivitatis
700 2105 895 2136 dissonantia
917 2105 925 2142 ΙΙ
948 2105 1159 2135 redditurum:
1190 2106 1328 2147 fecitque
1353 2105 1439 2146 apud
1463 2106 1640 2136 Ariminum
1665 2104 1838 2145 resederle.

349 2155 498 2197 dlumque
528 2156 647 2187 ibidem
675 2167 746 2187 cum
776 2157 839 2187 suis
870 2157 992 2187 clericis
1027 2157 1257 2198 aliquantisper
1289 2161 1446 2189 moratur.
1484 2157 1726 2198 promeridianis
1759 2157 1843 2187 horis

349 2218 445 2249 super
467 2208 540 2238 litus
563 2209 659 2239 maris
683 2208 850 2239 ambulans
867 2208 946 2239 vidit
969 2209 1119 2246 mulieres
1143 2208 1216 2238 inde
1237 2209 1379 2239 transire.
1405 2219 1476 2239 cum
1498 2208 1613 2250 quibus
1632 2208 1844 2238 accusabatur

349 2259 380 2290 in
404 2260 538 2290 scelere:
565 2271 646 2302 quae
672 2261 856 2291 comitatum
880 2260 1035 2301 petebant
1055 2261 1145 2301 regia
1167 2261 1315 2292 iussione.
1352 2260 1552 2290 dissimulans
1580 2270 1656 2300 ergo
1682 2270 1715 2290 se
1737 2261 1740 2298 Ι
1762 2260 1841 2290 scire

351 2311 436 2352 quod
452 2311 576 2342 viderat
599 2315 693 2343 nocte
711 2312 816 2343 media
834 2312 1064 2342 dormientibus
1089 2312 1208 2342 cunctis
1232 2323 1302 2343 cum
1328 2323 1390 2342 uno
1415 2315 1537 2342 tantum
1563 2312 1688 2342 conscio
1718 2312 1842 2351 fugiens

347 2363 527 2404 regreditur
542 2363 679 2394 Romam
700 2364 704 2404 Ι
725 2374 824 2405 seque
841 2364 924 2394 intra
946 2364 1034 2394 beati
1052 2363 1139 2394 Petri
1156 2364 1293 2405 apostoli
1317 2367 1409 2404 septa
1432 2363 1600 2394 concludit.
1624 2364 1626 2400 Ι
1652 2366 1725 2393 tunc
1751 2373 1839 2404 pres-

349 2413 453 2454 byteri
478 2418 509 2444 et
533 2414 657 2445 diaconi
678 2415 683 2456 Ι
703 2425 762 2445 nec
786 2425 848 2445 non
872 2415 983 2455 reliqui
1008 2415 1211 2449 clericorum.
1237 2425 1315 2456 quos
1340 2425 1447 2445 secum
1473 2413 1661 2444 deduxerat.
1692 2416 1693 2452 Ι
1723 2413 1841 2444 adeunt

350 2475 460 2506 regem
486 2469 518 2496 et
541 2466 608 2496 sine
632 2476 688 2496 sua
712 2466 905 2496 conscientia
927 2466 929 2505 Ι
952 2465 1179 2506 Symmachum
1205 2466 1324 2506 fugisse
1350 2470 1515 2496 testantur.
1546 2469 1547 2503 Ι
1579 2476 1635 2505 per
1659 2476 1738 2506 quos
1762 2476 1818 2496 rex

350 2520 414 2547 tam
439 2516 478 2547 ad
504 2521 648 2547 senatum
673 2528 766 2558 quam
791 2517 831 2547 ad
856 2518 975 2548 clerum
999 2522 1173 2558 praecepta
1194 2520 1197 2555 Ι
1219 2528 1315 2558 super
1341 2518 1407 2547 eius
1426 2516 1564 2558 quodam
1590 2517 1685 2547 modo
1710 2517 1840 2547 (lamna-

350 2569 435 2599 tione
460 2569 652 2599 transmittit.
675 2570 677 2609 Ι
699 2572 865 2600 accusatur
889 2570 985 2599 etiam
1009 2569 1049 2599 ab
1073 2569 1220 2599 universo
1245 2570 1329 2599 clero
1355 2569 1513 2604 Romano.
1541 2568 1625 2609 quod
1651 2573 1757 2599 contra
1785 2569 1839 2599 dc—

350 2624 472 2650 cretum
492 2621 496 2658 Ι
518 2631 536 2650 a
553 2621 616 2651 suis
633 2620 855 2651 decessoribus
873 2621 1078 2651 observatum
1096 2621 1312 2651 ecclesiastica
1330 2620 1540 2662 dilapidasset
1557 2620 1689 2661 praedia
1711 2621 1713 2660 Ι
1736 2625 1767 2650 et
1784 2631 1842 2662 per

294 2696 311 2722 4
329 2702 379 2722 tam
398 2698 507 2722 schisma
525 2698 579 2722 cod.
634 2699 763 2730 cognoscit
782 2699 836 2722 coel.
922 2698 950 2722 11
971 2698 1119 2722 nucerinam
1138 2698 1192 2722 cod.
1278 2697 1310 2722 14
1330 2706 1417 2722 sersus
1436 2699 1503 2722 hiat:
1522 2698 1533 2729 J!
1561 2698 1711 2729 1·(i·esti1(z'11711
1732 2703 1840 2722 tantum-

194 2738 392 2771 modo)ationem
411 2740 507 2770 (littera
530 2749 615 2767 ere-w.
637 2741 681 2765 sed
705 2741 766 2764 satis
786 2741 865 2772 certa)
889 2741 904 2764 h
925 2740 974 2766 (vel
992 2741 998 2764 l
1018 2741 1056 2765 vel
1075 2741 1090 2764 b
1109 2740 1148 2764 rel
1167 2741 1181 2764 d
1201 2742 1255 2767 cet.)
1274 2740 1301 2771 sc
1326 2740 1376 2770 (vel
1394 2750 1406 2765 r
1424 2742 1463 2765 rel
1482 2742 1503 2767 s)
1523 2751 1537 2766 a
1556 2741 1606 2768 (vel
1626 2751 1641 2766 u
1664 2742 1701 2766 rel
1718 2749 1753 2768 m)
1774 2751 1790 2765 11
1804 2740 1839 2766 «ΡΙ

194 2781 360 2815 s‘,1¹'l(deficiu⁷zt
378 2784 475 2808 litterae
494 2789 542 2808 tres
561 2789 682 2814 ‹tusjustac
701 2784 740 2808 rel
758 2784 824 2808 duae
844 2784 958 2809 latiores)
979 2783 1083 2814 s(e.re80.
1102 2784 1146 2808 secl
1159 2784 1375 2815 (·erta3)estivitatis
1395 2786 1524 2809 dissonant
1533 2784 1569 2814 (nt
1596 2785 1775 2817 li3s‹1{‹1e)ia(ia
1794 2786 1839 2808 mi-

197 2824 289 2857 nores).
321 2826 454 2850 Duclzesne
473 2828 594 2851 rationem
615 2827 697 2858 (quasi
718 2827 757 2857 (le)
777 2827 924 2851 t'estiuitatis
943 2827 1101 2851 dissonantia
1120 2831 1210 2850 conti-a
1230 2827 1324 2851 codicis
1342 2828 1451 2859 restiyia.
1539 2828 1572 2852 ⁴25}
1591 2829 1766 2859 quodadmodo
1786 2828 1839 2852 cod.

195 2866 229 2891 25
247 2867 398 2900 dilapidasse
417 2869 471 2894 cod.

297 2927 371 2944 LIBER
389 2927 563 2946 PONTlFlCALlS
583 2929 597 2946 1.
1616 2922 1630 2945 b

1875 2106 1915 2128 .l¹
