2245 3213
872 204 1156 231 PROLEGOMENA.
1775 206 1835 231 xlx

189 291 246 321 sed
270 292 393 322 omissis
415 292 477 322 hoc
500 292 570 322 loco
596 292 878 334 chronographicis
904 294 935 322 et
959 292 1145 333 sepulturis,
1171 291 1290 333 quippe
1319 291 1358 322 de
1383 291 1496 332 quibus
1521 301 1664 321 seorsum
1694 291 1837 333 dispute-

189 347 239 373 tur
265 344 422 385 capitibus
446 344 540 374 tertio
571 347 604 374 et
629 347 750 384 quarto.
799 343 878 374 Sunt
902 347 1009 374 autem
1035 344 1197 374 elementa
1220 343 1274 374 illa.
1299 347 1331 373 et
1355 354 1455 384 pauca
1483 346 1514 373 ct
1538 353 1655 383 magna
1681 354 1721 373 ex
1746 348 1837 384 parte

189 398 347 436 suspecta,
372 399 405 425 ut
422 399 487 425 tam
504 395 571 425 eius
589 396 660 426 aevi
678 406 783 426 rerum
808 395 987 436 ignorantia
1005 405 1099 436 quam
1123 395 1285 436 scriptoris
1309 395 1393 425 mala
1411 394 1496 424 fraus
1522 405 1579 435 per
1597 398 1697 425 totum
1722 395 1836 425 librum

189 447 309 488 spirent
333 450 366 477 et
389 446 600 478 dominentur.

292 499 317 529 I.
352 498 402 529 De
435 498 595 540 Cypriano
625 498 776 539 episcopo
808 497 1065 538 Carthaginiensi
1093 508 1175 539 quae
1206 497 1374 528 traduntur
1405 498 1435 527 in
1465 498 1529 528 vita
1558 497 1697 528 Cornelii
1723 500 1839 539 (11211)

190 551 249 581 etsi
284 561 359 581 vera
393 554 465 580 sunt
500 550 601 594 (certe
639 549 778 580 Celerini
813 550 941 580 lectoris
978 550 1134 591 epistulae
1171 550 1321 590 Cypriani
1359 550 1477 591 passim
1508 549 1838 586 10010100111111),11011

191 603 320 633 veniunt
344 613 385 632 ex
409 602 506 644 ipsius
524 601 674 643 Cypriani
699 602 833 642 scriptis,
858 601 914 631 sed
940 611 980 631 ex
997 601 1144 642 passione
1163 600 1313 631 Cornelii.
1361 601 1431 631 Non
1457 604 1544 631 reete
1563 601 1658 641 igitur
1674 611 1691 630 a
1708 600 1839 632 *5011010-

189 655 300 685 stratio
326 654 403 693 (ant.
429 654 506 685 eccl.
529 657 552 688 l,
571 653 646 687 396)
673 652 851 694 Cyprianus
875 654 1011 683 refertur
1034 653 1116 683 inter
1140 656 1288 683 auctores
1319 663 1336 682 a
1368 653 1523 693 scriptore
1549 653 1619 682 libri
1643 652 1840 683 Pontificalis

189 709 369 747 usurpatos.

292 758 334 788 H.
366 757 555 798 Hieronymi
580 756 693 787 librum
718 756 757 786 de
783 757 855 786 viris
879 756 1053 786 illustribus
1077 759 1189 786 auctor
1213 755 1358 786 adhibuit
1381 754 1422 785 ad
1442 755 1540 785 vitam
1559 755 1645 786 Petri
1664 762 1707 796 (p.
1727 758 1744 785 2
1759 757 1839 796 seq.)

190 814 222 840 et
246 810 421 840 Clementis
445 811 488 850 (p.
507 810 571 847 27)
597 812 629 838 et
654 808 791 838 Victoris
816 808 863 848 (p.
886 809 931 843 19,
947 812 981 845 ι),
1006 807 1277 837 continuationem
1303 806 1548 837 Gennadianam
1573 807 1603 836 in
1628 807 1692 836 vita
1718 807 1839 837 Gelasii

190 866 234 903 (p.
257 862 386 900 lma).
423 860 578 891 Notitiam
604 870 676 890 eum
701 859 851 890 habuisse
876 859 1059 889 commercii
1083 859 1239 899 epistolici
1263 859 1346 888 inter
1365 857 1596 898 Hieronymum
1615 863 1645 888 et
1663 858 1839 888 Damasum

190 920 221 943 ct
247 913 443 955 expressisse
467 913 498 942 iu
523 911 666 953 epistulis
691 911 892 952 praefatoriis
917 921 982 947 eas,
1009 920 1090 951 quae
1116 909 1314 951 01110001111111
1331 909 1594 949 martyrologium
1611 909 1837 950 Hieronymia-

190 976 279 1001 1111111,
311 962 543 1005 50011141).Χῖ
566 962 653 999 adn.)
682 961 816 992 ostendi.
864 961 911 992 Eo
943 962 1189 1002 martyrologio,
1224 961 1311 991 00105
1344 961 1411 990 51110
1447 960 1543 990 dubio
1576 971 1638 990 non
1670 961 1840 991 1101110151

190 1017 324 1047 formam
348 1015 444 1046 hodie
462 1018 628 1045 extantem
648 1014 856 1056 epitom-atam
875 1018 907 1044 et
931 1014 1157 1054 interpolatam
1183 1013 1395 1054 antiquiorem
1413 1012 1570 1053 Gregorio
1587 1023 1704 1053 magno
1728 1017 1794 1053 (ep.
1813 1014 1841 1044 5,

191 1067 334 1110 251291),
363 1071 474 1098 auctor
503 1077 578 1097 usus
607 1069 656 1096 est
680 1076 866 1107 perperam,
896 1069 931 1095 ut
955 1066 1054 1103 solet,
1085 1065 1115 1095 111
1140 1064 1328 1095 Alexandro
1353 1066 1419 1104 110,
1438 1066 1486 1096 ll:
1512 1064 1551 1094 de
1576 1063 1706 1094 Urbano
1733 1069 1839 1094 autem

189 1121 306 1161 <23,3)
335 1130 406 1150 cum
437 1122 548 1149 auctor
577 1119 726 1159 princeps
759 1118 857 1148 evitet
887 1127 1029 1147 errorem
1065 1117 1096 1147 111
1132 1116 1361 1158 martyrologio
1391 1126 1429 1146 eo
1464 1116 1664 1146 commissum
1697 1116 1752 1156 (de
1778 1127 1840 1157 quo

188 1172 269 1202 infra
293 1171 434 1202 dicemus
458 1171 489 1201 in
513 1170 617 1211 eapite
643 1169 682 1200 de
707 1169 903 1211 sepulturis),
928 1170 1032 1199 locum
1057 1168 1185 1199 aliunde
1211 1168 1397 1209 desumpsit.

292 1223 353 1253 111.
384 1222 490 1253 Rufini
514 1222 748 1262 recognitiones
765 1220 1132 1262 pseudo-Clementinae
1151 1221 1314 1261 expilatae
1340 1226 1411 1249 sunt
1437 1219 1466 1249 in
1485 1219 1556 1249 vitis
1575 1218 1662 1249 Petri
1681 1225 1687 1255 (¹
1696 1230 1725 1260 p.
1745 1222 1772 1255 Ξῖ,
1788 1232 1797 1249 1

190 1279 259 1313 —1,³]
285 1279 317 1305 et
342 1274 517 1305 Clementis
541 1278 585 1315 (p.
606 1275 633 1312 7,
653 1286 670 1303 1.
688 1279 792 1311 8—13),
819 1283 952 1314 quorum
979 1276 1204 1313 excerptorum
1239 1282 1312 1313 pars
1338 1272 1472 1301 fortasse
1498 1271 1631 1301 accessit
1657 1271 1785 1301 demum
1813 1272 1840 1301 111

192 1327 332 1358 editione
357 1327 548 1368 posteriore.

292 1378 349 1410 IV.
384 1378 530 1420 Dionysii
548 1378 671 1418 cyclum
690 1377 875 1418 paschalem
892 1376 1069 1407 adhibitum
1095 1386 1166 1406 csse
1191 1376 1222 1406 in
1240 1376 1323 1405 vitae
1338 1375 1474 1405 Victoris
1493 1381 1536 1415 (p.
1557 1377 1636 1406 lim)
1652 1375 1841 1404 recensisun¹

190 1430 331 1460 secunda
363 1430 473 1460 statuit
496 1429 698 1460 Duchesnius
727 1428 802 1467 (vol.
834 1431 842 1458 1
880 1439 909 1469 p.
927 1428 1061 1465 LXIII),
1092 1438 1155 1458 non
1188 1430 1293 1458 recte:
1329 1427 1416 1457 locos
1447 1436 1521 1456 vere
1551 1425 1592 1456 ad
1621 1425 1653 1456 id
1682 1430 1778 1467 caput
1802 1426 1841 1455 ab

190 1486 319 1513 auctore
353 1481 539 1522 adsumptos
566 1491 623 1511 nos
651 1480 694 1511 ibi
726 1480 956 1510 adnotavimus.
1008 1479 1108 1509 Multo
1140 1480 1242 1509 minus
1274 1478 1379 1508 eidem
1409 1477 1540 1508 concedi
1572 1478 1692 1518 poterit
1721 1478 1842 1507 auctori

190 1538 299 1564 notum
328 1534 425 1564 fuisse
454 1533 578 1574 cyclum
601 1532 819 1563 Victorianuln
849 1535 1022 1573 propterea
1053 1530 1267 1569 solummodo,
1301 1529 1385 1571 quod
1415 1530 1559 1560 recensio
1591 1530 1693 1570 prima
1727 1539 1843 1559 11011100

190 1586 278 1627 ponit
302 1585 472 1626 Theophili
502 1583 708 1614 Alexandrini
732 1587 765 1614 ut
789 1594 807 1614 a
825 1583 967 1614 Yictorio
992 1583 1036 1613 ita
1061 1594 1079 1612 a
1104 1582 1356 1623 chronographis
1381 1581 1528 1611 omnibus
1553 1581 1804 1611 commemorati.

293 1637 332 1667 V.
364 1636 521 1667 Chronica
539 1635 650 1666 Italica
675 1636 820 1676 scriptori
845 1634 885 1665 ad
909 1645 1019 1664 manus
1044 1635 1140 1664 fuisse
1159 1633 1258 1664 videri
1281 1643 1378 1674 supra
1403 1633 1465 1662 iam
1484 1640 1528 1673 (p.
1543 1632 1638 1667 XVI)
1656 1633 1843 1672 significavi.

189 1689 319 1719 Scilicet
343 1688 385 1718 ad
401 1689 482 1718 vitas
508 1688 730 1729 episcoporum
757 1688 809 1728 qui
834 1687 961 1717 fuerunt
978 1690 1051 1716 ante
1070 1686 1314 1716 Constantinum
1334 1685 1347 1714 I
1373 1695 1477 1715 rerum
1503 1684 1701 1725 publicarum
1719 1683 1840 1713 Roma—

188 1751 299 1771 narum
324 1741 513 1781 scriptorem
536 1739 657 1769 nullum
682 1738 859 1768 adhibitum
885 1748 954 1768 esse
980 1748 1050 1768 011111
1075 1740 1241 1778 appareat,
1268 1740 1440 1777 eapropter
1464 1736 1603 1773 0111111110,
1629 1735 1714 1776 quod
1732 1745 1841 1765 00111111

148 1804 151 1806 ·
188 1798 369 1833 temporum
389 1794 535 1822 auctores
552 1790 804 1821 Clu-istianorum
821 1789 954 1830 putandi
979 1794 1051 1819 sunt
1075 1800 1145 1819 raro
1163 1788 1355 1823 meminisse,
1381 1787 1585 1817 sacerdotum
1606 1791 1714 1817 autem
1733 1797 1842 1817 eorum

188 1845 316 1874 nomina
340 1843 393 1874 vix
422 1843 487 1873 ulla
518 1842 677 1883 posuisse,
710 1846 879 1883 postquam
906 1841 1077 1871 Christiani
1107 1850 1221 1881 pacem
1251 1850 1345 1880 quam
1372 1839 1497 1871 dicunt,
1523 1838 1554 1868 id
1580 1842 1628 1868 est
1652 1837 1843 1868 dominatio-

188 1906 261 1926 nem
289 1895 399 1936 adepti
427 1898 514 1933 sunt,
546 1904 650 1924 rerum
682 1894 852 1934 scriptores
883 1892 923 1922 ad
956 1903 1065 1922 corum
1098 1902 1147 1921 res
1172 1891 1423 1931 sacerdotesque
1457 1889 1626 1920 attendere
1653 1889 1842 1926 debuerunt,

189 1948 305 1989 quique
330 1946 466 1987 septimo
491 1946 619 1976 saeculo
644 1948 735 1986 gesta
760 1945 982 1986 episcoporum
1007 1944 1226 1974 Romanorum
1251 1943 1451 1984 explicabat,
1482 1942 1567 1972 nullo
1592 1941 1688 1972 modo
1714 1941 1745 1971 id
1770 1951 1842 1982 per-

188 1999 282 2030 ficere
299 1999 403 2040 potuit
418 1998 478 2028 nisi
495 1997 671 2038 adsumptis
688 1996 854 2027 annalibus
872 1995 1099 2026 saecularibus.
1135 1995 1229 2031 Vere,
1254 1998 1288 2025 ut
1305 2005 1399 2035 supra
1417 2000 1460 2035 (p.
1475 1993 1587 2030 XVII)
1615 1993 1689 2027 dixi,
1708 1993 1844 2033 vestigia

189 2061 299 2081 eorum
324 2048 608 2091 deprehenduntur
625 2052 657 2079 et
673 2059 731 2089 per
748 2052 896 2089 tempora
914 2048 1143 2078 Constantiana
1167 2047 1198 2077 in
1216 2047 1280 2076 vita
1297 2046 1417 2076 Liberii
1443 2049 1474 2075 et
1499 2045 1596 2075 etiam
1623 2045 1761 2075 certiora
1785 2054 1842 2085 per

189 2106 334 2143 tempora
349 2100 603 2132 Theodericiana
626 2101 670 2130 ita
694 2100 890 2141 perturbata.
915 2104 949 2130 ut
969 2110 1031 2130 non
1050 2110 1090 2129 ex
1115 2098 1241 2140 aequali
1265 2098 1420 2128 memoria
1445 2096 1644 2127 descendere
1663 2095 1841 2126 videantur.

189 2153 246 2184 sed
270 2164 311 2184 ex
333 2153 414 2183 libro
439 2153 545 2193 aliquo
563 2153 679 2193 scripto
698 2152 845 2193 imperite
864 2151 1016 2193 expilato.
1058 2151 1177 2185 Quales
1201 2150 1332 2180 annales
1350 2153 1461 2179 auctor
1477 2148 1702 2190 adsumpserit,
1729 2158 1840 2189 parum

188 2206 290 2246 liquet
313 2208 444 2246 propter
467 2204 564 2245 ipsius
588 2204 747 2234 silentium
772 2208 804 2234 et
827 2203 1050 2244 imperfectam
1075 2206 1215 2232 nostram
1242 2201 1281 2232 110
1307 2202 1373 2231 eius
1392 2201 1506 2231 aetatis
1524 2199 1730 2241 scriptoribus
1755 2199 1838 2228 noti-

189 2257 279 2287 tiam:
312 2255 369 2286 sed
399 2259 507 2286 tamen
534 2255 573 2285 de
603 2255 640 2285 iis
668 2265 749 2296 quae
779 2255 964 2285 rescivimus
995 2255 1047 2295 qui
1076 2253 1246 2294 expendit,
1280 2253 1310 2282 111
1335 2253 1487 2293 scriptore
1513 2251 1632 2281 saeculi
1657 2250 1784 2291 septimi
1809 2250 1841 2279 111

189 2308 282 2339 Italia
306 2307 444 2349 degente
470 2307 623 2348 cogitabit
648 2306 686 2337 de
705 2307 870 2345 chronicis,
896 2316 1030 2347 quorum
1054 2306 1206 2346 reliquias
1231 2305 1289 2335 sub
1308 2304 1399 2334 titulo
1425 2303 1639 2334 consularium
1657 2302 1840 2332 Italicorum

189 2370 246 2390 nos
270 2359 505 2400 composuimus
535 2358 654 2397 (chron.
679 2359 753 2388 min.
779 2358 840 2388 vol.
860 2358 873 2388 Ι
898 2369 928 2399 p.
947 2358 1145 2395 249—2539),
1171 2357 1239 2387 fuse
1265 2366 1315 2386 res
1340 2355 1542 2386 narrantibus
1568 2358 1599 2384 01
1624 2364 1681 2394 per
1706 2363 1744 2383 ea
1770 2363 1840 2383 sae-

190 2412 261 2441 cula
277 2411 340 2441 late
358 2411 484 2452 sparsis.
518 2410 664 2447 Accedit,
690 2410 774 2451 quod
792 2410 1004 2440 consularium
1030 2419 1139 2439 eorum
1164 2409 1232 2439 sola
1256 2407 1412 2449 particula
1437 2407 1530 2448 plene
1556 2408 1694 2443 servata,
1720 2405 1841 2435 scilicet

189 2462 351 2503 Anonymi
368 2461 532 2492 Valesiani
556 2472 651 2502 quem
676 2461 783 2492 dicunt
806 2471 880 2502 pars
908 2461 1066 2502 posterior
1090 2464 1238 2501 spectans
1263 2459 1303 2489 ad
1333 2462 1479 2499 tempora
1504 2456 1774 2492 Theodericiana,
1809 2460 1841 2486 et

189 2515 219 2544 in
244 2514 339 2545 rebus
364 2518 396 2544 et
418 2514 449 2543 in
472 2513 548 2554 ipsis
569 2513 675 2543 verbis
700 2513 847 2543 convenit
872 2523 941 2543 cum
966 2513 1030 2542 vita
1056 2512 1206 2542 Iohannis
1223 2511 1238 2541 I
1263 2520 1306 2551 (p.
1330 2512 1383 2540 133
1395 2516 1488 2550 seq).
1534 2509 1648 2549 Itaque
1674 2509 1733 2538 etsi
1758 2518 1840 2549 quae

190 2565 230 2596 de
254 2569 338 2596 statu
363 2575 468 2595 rerum
492 2564 620 2605 publico
645 2565 676 2594 in
697 2565 794 2604 gestis
817 2564 1048 2605 antiquioribus
1073 2563 1275 2604 reperiuntur
1291 2561 1419 2591 aliunde
1444 2570 1571 2601 quoque
1597 2559 1720 2590 desumi
1745 2563 1838 2601 potu-

190 2621 291 2655 erunt,
315 2617 346 2647 111
369 2627 402 2647 10
426 2617 547 2647 incerta
571 2615 609 2646 (10
630 2615 749 2645 Italicis
772 2615 973 2656 potissimum
998 2614 1152 2645 chronicis
1178 2613 1361 2644 coniectura
1386 2611 1534 2642 facienda
1560 2611 1628 2641 erit.
1658 2629 1694 2632 —
1721 2610 1841 2640 Contra

189 2669 274 2699 vitae
299 2669 522 2710 episcoporum
546 2667 665 2697 saeculi
683 2667 810 2708 septimi
827 2667 943 2707 passim
961 2676 1037 2707 prae
1055 2676 1089 2695 se
1113 2666 1218 2696 ferunt
1242 2665 1431 2705 scriptorum
1456 2663 1638 2704 aequalium
1656 2666 1687 2692 et
1707 2662 1840 2692 virtutes

191 2724 223 2751 et
250 2720 342 2754 vitia;
376 2720 459 2750 inter
488 2719 569 2749 haec
603 2719 722 2749 eminet
753 2718 912 2748 silentium
947 2717 1119 2748 admodum
1151 2717 1305 2757 eloquens
1335 2715 1374 2745 de
1407 2715 1534 2745 haeresi
1566 2724 1670 2756 papae
1702 2713 1836 2744 Honor-ii

191 2772 243 2813 (cf.
268 2771 436 2812 Dollinger
459 2770 665 2809 Papstf'czbcln
687 2781 717 2811 p.
740 2772 795 2800 163
815 2773 909 2811 seq),
939 2779 1132 2810 quamquam
1158 2768 1319 2799 danmatio
1345 2767 1412 2797 eius
1441 2770 1573 2808 propter
1597 2776 1668 2796 eam
1698 2765 1782 2796 facta
1809 2766 1837 2795 in

191 2823 322 2854 concilio
348 2822 697 2863 Constantinopolitano
722 2832 784 2852 uno
809 2822 907 2853 verbo
932 2821 1128 2862 significatur
1152 2822 1193 2861 (p.
1214 2821 1285 2858 200,
1299 2818 1345 2853 1:1‘).

1605 2883 1617 2896 k.
