2245 3213
442 184 544 211 LXXII
1127 182 1412 210 PROLEGOMENA.

442 271 583 302 nasterio
608 271 708 302 sancti
732 270 892 301 Praeiecti
915 269 1150 300 Flaviniacensi
1180 268 1337 300 dioecesis
1360 269 1662 311 Augustodunensis
1690 271 1721 301 in
1745 270 1863 301 ducatu
1885 269 2092 311 Burgundiae

441 324 597 365 (Zeumer
619 323 713 361 1.0.),
739 321 843 352 codex
867 325 975 352 autem
1000 320 1095 351 hodie
1120 320 1282 351 Parisinus
1307 331 1348 352 ex
1371 321 1440 363 ipso
1458 321 1633 364 archetypo
1658 322 1836 364 descriptus
1859 332 1930 353 esse
1947 321 2093 352 videatur

443 376 522 417 (egit
546 375 631 406 idem
655 375 792 405 Zeumcr
816 373 856 404 de
881 372 990 404 codiee
1015 373 1109 403 simili
1133 372 1433 414 Lindenbrogiano,
1463 372 1560 404 hodie
1583 373 1761 405 Havniensi
1783 384 1877 405 ncues
1899 373 2018 404 Archiv
2046 375 2092 412 14,

443 429 528 458 589),
552 437 615 457 non
640 426 785 456 absimile
810 425 877 456 veri
901 428 950 455 est
973 424 1056 455 hunc
1080 434 1208 466 quoque
1233 423 1377 456 codicem
1401 425 1553 466 scriptum
1577 435 1648 456 esse
1673 425 1803 458 ibidem.

546 477 709 508 Parisinus
740 478 839 507 16982
864 476 980 515 (Duch.
1005 487 1036 518 p.
1052 475 1126 517 LV)
1152 476 1330 518 descriptus
1355 479 1404 507 est
1427 486 1469 507 ex
1492 476 1637 507 Parisino
1663 478 1756 509 2123.

546 528 715 560 Accedunt
742 528 837 558 tertio
870 528 957 567 loeo,
988 538 1070 570 quae
1101 538 1143 559 ex
1177 528 1319 570 epitoma
1349 538 1389 559 ea
1417 528 1465 568 (ut
1495 528 1575 559 vidit
1603 527 1821 570 Duchesnius)
1850 529 2012 570 excerpsit
2041 528 2095 570 qui

443 581 568 622 scripsit
598 580 747 611 chronica
770 579 911 610 Bedanis
936 583 1155 622 superstructa.
1182 580 1325 610 finientia
1356 580 1387 610 in
1411 590 1438 610 a.
1459 581 1536 619 741,
1561 579 1601 611 de
1626 590 1759 621 quorum
1783 583 1875 622 parte
1898 581 2004 622 priore
2029 579 2094 610 dixi

443 643 503 673 ego
529 632 637 664 chron.
661 632 735 663 min.
761 632 823 662 vol.
842 633 859 662 3
894 642 924 673 p.
943 633 1124 663 237—239.
1153 633 1341 671 334—340,
1371 632 1584 673 posteriorem
1615 631 1716 662 edidit
1732 632 1840 663 Waitz
1862 631 1936 663 ΜΘ.
1961 631 2017 662 SS.
2049 633 2094 667 13,

450 687 543 725 lseq.
568 684 726 715 Chronica
757 694 812 723 ea,
848 687 975 714 servata
1008 684 1209 725 potissimum
1249 683 1412 714 codicibus
1446 683 1547 714 tribus
1575 683 1727 714 Leidensi
1760 684 1916 725 Scaligeri
1945 694 1975 713 n.
1993 685 2033 714 28
2063 686 2096 714 et

443 736 587 766 Parisino
617 746 707 766 nour.
737 738 905 775 aeq.1615
931 739 963 766 et
985 735 1171 766 Monacensi
1199 745 1228 766 n.
1248 737 1323 774 246,
1348 738 1529 776 proponunt
1557 738 1712 776 excerpta
1741 745 1783 766 ex
1810 735 1892 766 libro
1921 735 2096 776 pontificali

442 799 504 818 non
540 788 572 818 in
603 787 703 818 tribus
736 788 823 819 libris
859 787 974 818 cadem
1009 787 1129 826 omnia⁷
1161 787 1283 818 minore
1312 797 1445 818 numero
1478 787 1508 817 in
1533 787 1693 826 Parisino,
1718 788 1810 829 plura
1832 787 1864 818 in
1886 786 2039 818 Leidensi
2063 789 2096 817 et

443 839 644 878 Monacenffl,
670 839 727 870 sed
751 843 785 870 ut
808 839 1011 870 nihilominus
1036 839 1142 870 omnia
1171 839 1329 881 proficisci
1358 838 1528 869 videantur
1558 849 1576 869 a
1608 839 1817 881 compilatore
1849 839 1980 878 eodem,
2009 841 2095 870 certe

443 891 579 923 redeant
603 892 710 922 omnia
735 891 776 922 ad
801 892 964 933 epitomen
989 890 1219 922 Cononianam.
1266 891 1347 922 Sunt
1371 894 1478 921 autem
1503 891 1584 922 haec
1607 891 1822 932 potissimum:

599 954 640 974 ex
657 944 721 974 vita
740 944 885 975 Silvestri
909 954 940 985 p.
958 945 1029 974 248.
1048 945 1126 973 249:
1155 943 1314 983 inqressus
1330 942 1465 974 Romam
1479 953 1500 973 α
1514 942 1660 974 Sil-vestro
1669 952 1761 982 papa
1777 943 1956 982 baptizatus
1971 941 2096 972 Monac.

599 1006 640 1026 ex
663 996 728 1026 vita
746 995 867 1026 Liberii
890 1006 919 1037 p.
938 997 1014 1026 244:
1039 995 1090 1026 hie
1113 995 1207 1026 vatillo
1229 995 1401 1035 &putatur
1418 995 1495 1037 (non
1512 994 1711 1036 deportatur)
1737 1020 1743 1025 .
1764 1018 1770 1025 .
1789 1019 1796 1026 .
1819 994 1900 1025 anni
1917 994 1984 1024 ΙΙΙ.
2022 996 2097 1024 tunc

654 1047 860 1079 Constantius
885 1074 890 1079 .
909 1072 916 1078 .
934 1072 940 1078 .
966 1050 1187 1078 revocaverunt
1203 1047 1375 1078 Liberium.
1414 1048 1450 1078 in
1462 1046 1596 1078 Romam
1612 1047 1774 1087 ingressus
1798 1070 1805 1076 .
1823 1071 1830 1078 .
1849 1070 1855 1076 .
1879 1045 2026 1077 haberent
2048 1045 2097 1076 in-

651 1100 779 1130 lroz'tum
804 1099 930 1131 Monac.

600 1162 641 1182 ex
664 1152 730 1182 vita
746 1151 864 1182 Felicis
880 1151 913 1182 II
936 1162 967 1193 p.
985 1152 1060 1182 249:
1086 1151 1212 1182 Libcrio
1236 1150 1382 1189 defuncto
1398 1149 1493 1181 Felix
1516 1150 1551 1181 in
1566 1150 1742 1189 episcopato
1765 1149 1904 1180 succedit
1925 1149 1982 1188 qui
1997 1148 2098 1180 decla-

650 1203 733 1233 ravit
757 1227 763 1234 .
783 1228 789 1234 .
807 1229 812 1234 .
837 1203 888 1233 7150
910 1203 1063 1243 martyrio
1086 1205 1256 1233 coronatur
1278 1202 1403 1233 Monac.

603 1266 644 1286 ex
667 1255 733 1286 vita
755 1255 852 1296 Xysti
875 1254 925 1285 III
948 1266 979 1296 p.
998 1256 1075 1285 252:
1100 1255 1193 1285 iusta
1216 1253 1378 1285 macellum
1401 1253 1514 1284 Libiae
1536 1252 1663 1284 Monac.

602 1318 643 1338 ex
668 1306 782 1338 eadem
805 1317 835 1348 p.
854 1308 929 1337 252:
954 1306 1051 1337 leuius
1074 1306 1262 1345 temporibus
1286 1330 1293 1337 .
1312 1330 1318 1336 .
1337 1330 1345 1338 .
1368 1305 1613 1336 Valentinianus
1635 1305 1804 1344 Augustus
1826 1304 1953 1336 Monac.

602 1370 644 1390 ex
667 1359 733 1390 vita
756 1358 875 1389 Leonis
900 1358 914 1389 Ι
939 1369 969 1400 p.
988 1360 1063 1389 253:
1089 1357 1261 1389 ambulavit
1285 1383 1291 1390 .
1310 1383 1316 1388 .
1336 1382 1342 1388 .
1367 1360 1463 1388 totam
1486 1356 1617 1388 Italiam
1641 1356 1766 1387 Monac.

602 1421 644 1442 ex
669 1410 784 1442 eadem
807 1422 837 1452 p.
856 1412 932 1441 253:
951 1413 1025 1449 post
1047 1410 1131 1450 quod
1152 1409 1264 1441 bellum
1287 1410 1396 1441 beatus
1412 1409 1475 1440 Leo
1493 1419 1582 1448 papa
1597 1408 1775 1439 ministeria
1791 1407 1934 1439 Romano
1955 1407 2100 1439 ecclcsiae

653 1463 810 1494 renovavit
837 1462 962 1493 Monac.

604 1525 645 1545 ex
669 1515 734 1545 vita
750 1514 904 1545 Vitaliani
927 1525 958 1555 p.
980 1515 1049 1553 186,
1068 1524 1105 1544 ιο;
1131 1513 1181 1544 die
1203 1512 1231 1543 V
1250 1523 1344 1543 mens.
1369 1512 1431 1544 Iul.
1455 1512 1561 1543 omnia
1584 1522 1643 1551 quc
1665 1514 1756 1542 mant
1779 1511 1813 1543 in
1835 1521 1906 1542 aere
1930 1536 1936 1543 .
1954 1536 1961 1542 .
1979 1538 1985 1543 .
2009 1521 2101 1542 num-

652 1577 748 1606 quam
772 1566 945 1605 aliquamlo
967 1566 1100 1605 fecerunt
1124 1565 1222 1596 Paris.
1249 1564 1339 1595 Leid.
1364 1564 1490 1595 Monac.

603 1628 645 1649 ex
661 1618 727 1648 vita
744 1617 907 1649 Adeodati
929 1628 959 1659 p.
983 1619 1051 1657 190,
1065 1628 1102 1649 13:
1127 1617 1181 1648 secl
1198 1619 1226 1648 ct
1242 1627 1313 1648 aere
1337 1641 1343 1648 .
1362 1641 1369 1647 .
1388 1642 1394 1648 .
1419 1616 1651 1648 Alooeanclriam
1670 1615 1785 1647 reversi
1799 1617 1874 1646 sunt
1890 1614 1990 1646 Paris.
2008 1613 2099 1644 Leid.

654 1669 780 1700 Monac.

602 1732 645 1753 ex
668 1722 734 1752 vita
750 1721 931 1763 Agathonis
955 1732 986 1763 p.
1009 1722 1131 1760 197,1s:
1155 1731 1193 1752 ca
1215 1730 1284 1751 vero
1307 1720 1385 1751 liora
1409 1745 1416 1751 .
1434 1744 1440 1750 .
1460 1745 1468 1752 .
1491 1719 1617 1759 expulsa
1639 1721 1714 1750 sunt
1736 1718 1835 1750 Paris.
1859 1716 1950 1748 Leid.
1974 1717 2101 1747 Monac.

448 1783 498 1813 Ita
516 1793 587 1814 cum
608 1783 798 1824 perveniant
815 1782 855 1813 ad
872 1782 1090 1823 Agathonem,
1108 1781 1277 1812 verisimile
1301 1784 1350 1812 est
1371 1781 1556 1822 exemplum
1581 1780 1743 1822 epitomae
1766 1790 1786 1810 a
1809 1778 2019 1820 compilatore
2043 1776 2100 1808 ad-

448 1835 583 1866 hibitum
615 1838 647 1866 et
675 1835 779 1876 ipsum
810 1835 842 1865 in
866 1833 997 1865 Conone
1029 1834 1178 1864 finivisse.
1233 1833 1304 1869 Quo
1337 1836 1482 1875 tempore
1512 1833 1702 1874 compilator
1725 1830 1901 1873 scripserit,
1929 1830 2102 1871 ambigitur

448 1891 622 1929 propterea
640 1886 725 1928 quod
749 1887 780 1917 in
805 1886 935 1917 calculis
949 1885 1091 1917 Bedanis
1115 1885 1156 1916 ab
1180 1886 1249 1927 ipso
1274 1885 1414 1926 receptis
1438 1885 1470 1916 in
1487 1884 1612 1915 duobus
1629 1884 1717 1915 libris
1732 1882 1885 1914 Leidensi
1909 1885 1941 1913 et
1957 1882 2101 1912 Parisino

451 1939 667 1981 (Monacensis
683 1938 766 1969 hane
783 1941 909 1980 partem
933 1948 996 1968 non
1020 1937 1132 1978 habet)
1158 1948 1214 1979 pro
1238 1936 1350 1968 Bedae
1368 1947 1451 1967 anno
1475 1936 1663 1967 substitutus
1688 1938 1736 1967 est
1759 1934 1910 1975 a.800s1;
1933 1933 1991 1964 sed
2015 1936 2048 1964 et
2070 1933 2101 1964 in

450 1991 606 2023 chronicis
631 1991 661 2030 (I.
681 2001 707 2022 c.
732 2001 761 2032 p.
780 1990 857 2030 239)
887 1993 920 2020 et
942 1990 973 2020 in
999 1989 1207 2031 ephemeride
1232 1992 1341 2020 nostra
1364 1988 1472 2030 (neues
1487 1988 1607 2019 Archiv
1630 1990 1680 2028 22,
1698 1988 1759 2019 548
1772 1985 1855 2028 seq.)
1880 1985 2006 2017 ostendi
2030 1995 2101 2016 eam

450 2043 704 2075 immutationem
738 2041 780 2072 ad
810 2042 975 2073 librarium
1000 2042 1141 2084 aliquem
1165 2041 1377 2083 posteriorem
1401 2039 1606 2071 referendam
1632 2050 1703 2071 esse
1726 2039 1835 2080 itaque
1860 2038 2101 2079 compilatorem

450 2096 553 2137 ipsum
577 2104 652 2125 vere
677 2094 838 2135 scripsisse
864 2104 888 2125 c.
907 2104 935 2124 a.
955 2095 1026 2125 741.
1081 2093 1154 2124 Hoc
1179 2096 1271 2123 extra
1295 2092 1428 2123 dubium
1455 2095 1504 2123 est
1528 2092 1690 2134 scripsisse
1715 2102 1789 2122 eum
1815 2091 1847 2121 in
1871 2089 2011 2121 dioecesi
2033 2088 2101 2119 Au-

451 2146 692 2187 gustodunensi,
717 2146 852 2176 fortasse
877 2146 907 2176 in
931 2145 1128 2176 monasterio
1154 2144 1397 2175 Flaviniacensi.

556 2207 694 2247 Propter
716 2216 835 2236 nexum
860 2206 913 2247 qui
936 2205 1107 2236 intercedit
1131 2206 1213 2236 inter
1229 2205 1392 2246 epitomen
1410 2203 1627 2235 Cononianam
1652 2206 1684 2233 et
1709 2203 1806 2233 libros
1830 2202 1909 2233 duos
1926 2201 2102 2233 Parisinum

453 2262 535 2290 551ss
560 2275 599 2284 Ξ
626 2258 673 2289 D¹
698 2261 731 2289 ct
754 2257 949 2289 Leidensem
964 2257 1112 2288 Vulcanii
1136 2258 1175 2287 5S
1200 2273 1238 2282 Ξ
1264 2255 1313 2287 D2
1339 2256 1411 2287 vide
1436 2266 1532 2297 supra
1555 2266 1585 2297 p.
1604 2254 1715 2285 LXXI
1739 2253 1904 2285 adnotata.

555 2318 703 2350 Pendent
727 2318 789 2349 duo
813 2318 885 2349 libri
910 2319 1070 2360 epitomae
1097 2318 1137 2349 ab
1163 2317 1349 2358 archetype,
1373 2317 1404 2347 in
1428 2327 1490 2358 quo
1515 2315 1761 2347 continuabatur
1784 2313 1825 2345 ad
1850 2313 2048 2344 Hadrianum
2073 2312 2102 2343 1³

453 2383 526 2402 nam
550 2374 623 2412 post
646 2371 730 2401 vitae
756 2371 895 2401 Cononis
919 2370 1081 2412 epitomen
1106 2370 1265 2411 prolixam
1290 2369 1498 2400 brevissimae
1522 2367 1747 2399 adnotationes
1771 2368 1946 2407 sequuntur
1968 2365 1999 2396 in
2022 2364 2102 2395 libro

454 2428 589 2465 utroque
614 2433 683 2459 eae.
709 2432 788 2464 quas
812 2422 1015 2453 subiecimus.

608 2483 792 2514 LXXXYI.
808 2482 939 2523 Sergius
950 2483 1078 2513 natione
1092 2482 1190 2523 Syrus
1201 2481 1284 2512 sedit
1295 2491 1366 2511 ann.
1376 2479 1476 2511 XIIII
1489 2479 1587 2521 (XIII
1599 2478 1691 2519 Par.)
1703 2477 1886 2510 mensVIII
1899 2477 1968 2508 dies
1978 2476 2104 2507 XXIII.

712 2537 802 2565 vacat
824 2535 966 2574 spatium
992 2534 1024 2564 in
1045 2533 1220 2564 Veronensi.

612 2594 816 2625 LXXXVII.
844 2594 1004 2625 Iohannes
1019 2594 1097 2634 (-nis
1111 2593 1203 2634 Par.)
1219 2593 1348 2623 natione
1364 2591 1486 2623 Grecus
1503 2591 1542 2622 de
1559 2584 1685 2622 Pladbii
1701 2590 1785 2621 sedit
1801 2599 1871 2620 ann.
1887 2589 1936 2620 III
1954 2598 2054 2619 mens.
2072 2587 2103 2618 II

662 2645 730 2676 dies
746 2646 822 2676 XII.
848 2646 985 2676 cessavit
1009 2646 1213 2687 episcopatus
1236 2654 1336 2675 mens.
1355 2643 1370 2674 I
1394 2643 1463 2674 dies
1480 2642 1606 2673 XVIII.

611 2705 829 2737 LXXXVIII.
855 2706 931 2737 item
956 2706 1116 2737 Iohannes
1139 2706 1268 2736 natione
1295 2704 1418 2735 Grecus
1448 2703 1531 2734 sedit
1555 2713 1626 2733 ann.
1644 2702 1676 2733 II
1701 2712 1800 2733 mens.
1817 2701 1899 2732 VIII
1923 2700 1992 2731 dies
2006 2699 2103 2731 XVII

661 2758 822 2795 (n1‹;=ns.11i
847 2762 879 2788 et
903 2758 1026 2789 omissis
1049 2758 1160 2788 mediis
1183 2756 1287 2797 Pala),
1312 2756 1450 2787 cessavit
1473 2755 1678 2797 episcopatus
1701 2763 1830 2785 menses
1853 2752 1915 2784 III.

716 2811 803 2838 τιιεαί
826 2810 966 2848 spatium
992 2810 1024 2841 in
1051 2809 1224 2841 Veronensi.
