2245 3213
419 213 521 239 XXXII
1103 206 1386 233 PROLEGOMENA.

522 302 550 329 9,
583 297 785 329 Corbciensis
815 296 904 330 olim,
937 294 1053 325 deinde
1086 294 1117 325 S.
1136 293 1289 324 Germani
1312 303 1341 323 n.
1360 294 1438 330 255,
1468 291 1532 321 iam
1556 290 1718 322 Parisinus
1749 291 1847 321 12205
1872 300 1956 322 saec.
1972 289 2065 320 VIII.

419 350 622 382 I'racceduut
646 350 763 390 scripta
780 348 866 378 varia
886 346 1057 387 Augustini
1082 349 1114 376 ct
1131 344 1194 376 Nili
1218 348 1250 375 et
1274 343 1406 385 regulae
1428 345 1611 373 sanctorum
1634 345 1761 383 patrum
1778 341 1962 383 Serapionis
1986 341 2064 372 alio-

421 413 564 444 rumque.
604 402 714 442 Spatia
732 400 924 441 perveniunt
941 397 982 428 ad
997 397 1163 428 Cononem
1181 395 1213 434 (†
1227 397 1313 434 657),
1336 394 1465 426 nomina
1482 393 1523 424 ad
1540 393 1718 424 Iohannem
1727 393 1774 424 VI
1800 392 1934 434 (5‘3705).
1968 393 2067 424 Prae-

421 455 581 485 scribitur:
615 454 684 491 [ιη-μ
707 453 743 481 «le
767 451 916 490 «pis-cupis
939 449 1101 480 liminium:
1125 447 1276 478 ecclesiae.
1318 447 1420 478 Abest
1452 446 1492 477 ab
1527 446 1587 476 hoc
1618 445 1796 486 exemplari
1819 445 1944 476 Petrus.
1990 445 2067 486 Epi-

421 506 507 547 scopi
531 516 592 535 11011
617 507 831 534 numerantur.
857 501 913 532 sed
937 500 1128 531 adscribitur
1151 499 1191 530 ad
1216 499 1408 540 Gregorium
1431 497 1461 528 I:
1486 498 1570 536 finnt
1593 507 1692 536 ‘nsque
1713 496 1763 527 hic
1785 496 1918 529 LXIII.
1958 497 2069 529 Edidit

421 558 539 599 primus
563 555 717 586 Mabillon
742 555 772 585 iu
797 553 949 584 analectis
973 552 1022 583 ed.
1045 554 1123 583 1682
1147 551 1211 583 vol.
1231 552 1248 581 3
1277 562 1307 592 p.
1326 552 1397 589 428,
1423 549 1472 580 ed.
1495 550 1573 579 1723
1598 559 1628 590 p.
1647 549 1722 584 219;
1754 549 1832 579 item
1855 549 1896 580 ad
1925 549 2068 582 codicem

422 608 622 639 Duchcsnius
646 618 674 648 p.
694 609 743 637 31.

531 672 574 698 10.
610 667 723 698 Codex
747 666 942 697 Veronensis
965 676 994 695 n.
1010 664 1107 695 XXII
1132 663 1199 703 (2⁰)
1232 672 1315 693 saec.
1334 661 1398 701 VI,
1433 661 1472 692 de
1501 671 1563 702 quo
1594 670 1690 701 supra
1714 671 1745 701 p.
1762 660 1843 691 VIII
1869 661 1949 701 dixi,
1981 663 2069 694 initio

422 721 550 750 mutilus
574 720 715 750 continet
739 719 867 749 nomina
891 721 924 748 et
947 717 1051 758 spatia
1081 715 1305 756 episcoporum
1335 724 1353 744 a
1378 712 1571 754 Symmacho
1602 711 1644 742 ad
1666 711 1820 753 Vigilium
1845 712 1878 751 (†
1895 714 1981 755 555),
2028 714 2070 745 lis

422 782 573 803 numeros
598 771 786 813 praescribit
810 769 986 800 LII—LX.

533 835 577 862 ll.
613 831 748 861 Codices
773 829 835 861 duo
859 829 946 871 pleni
969 828 1131 869 epitomae
1154 826 1291 857 finientis
1314 826 1346 856 iu
1368 825 1478 856 Felice
1496 824 1564 855 IIII
1588 823 1750 854 Parisinus
1773 833 1804 854 n.
1826 826 1900 854 1451
1930 828 1963 856 et
1978 825 2070 857 Vati-

423 894 520 915 canus
541 883 672 924 rcginae
696 893 725 913 n.
744 884 822 912 1127
840 885 913 923 post
931 891 1012 919 eam⁷
1036 883 1071 910 ut
1093 880 1175 910 infra
1199 879 1229 909 in
1254 877 1398 909 codicum
1424 876 1626 907 enarratione
1651 875 1783 914 dicetur,
1807 875 1922 907 sistunt
1943 878 2073 909 nomina

425 936 647 977 episcoporum
672 945 743 965 cum
767 933 876 975 spatiis
900 933 964 963 suis
987 943 1006 963 a
1029 931 1138 962 Felice
1155 930 1222 961 IIII
1246 936 1356 972 (quem
1380 928 1479 959 index
1502 928 1620 969 repetit
1644 927 1766 967 errore)
1791 927 1832 958 ad
1858 927 2024 970 Pelagium
2040 929 2073 960 II

425 990 458 1027 [†
475 987 560 1020 5905.
602 986 790 1017 Laterculus
823 986 903 1015 alter
928 983 1103 1015 eorundem
1132 983 1285 1013 librorum
1316 981 1428 1012 finiens
1452 980 1483 1010 in
1507 979 1672 1010 Hadriano
1689 979 1705 1009 I
1729 979 1763 1020 (†
1782 979 1855 1020 795)
1880 980 1931 1010 vel
1955 981 1985 1010 in
2009 980 2073 1011 Pa-

424 1039 551 1069 schalil
579 1041 614 1079 t-'s
635 1040 710 1071 824)
741 1048 757 1068 a
789 1037 880 1067 nobis
910 1047 973 1067 non
1002 1039 1050 1066 est
1080 1038 1229 1076 receptus
1259 1036 1370 1075 utpote
1407 1032 1568 1063 derivatus
1598 1041 1639 1062 ex
1669 1031 1749 1062 libro
1778 1031 1967 1063 Pontificali.
2013 1033 2073 1073 Illi,

426 1101 520 1131 quem
545 1090 744 1128 admisimus7
769 1088 982 1129 subscriptum
1007 1090 1070 1118 est:
1104 1096 1124 1116 (ι
1150 1086 1236 1117 beato
1261 1084 1353 1116 Petro
1377 1094 1474 1123 usquc
1496 1093 1581 1113 nunc
1603 1082 1687 1120 fiunt
1716 1083 1795 1113 anni
1821 1083 2078 1116 GCCCXLIIII

425 1145 452 1173 ct
476 1153 593 1173 menses
616 1141 682 1172 Vll
706 1142 754 1179 (ui
775 1141 864 1174 Yam
889 1142 1012 1181 arrepto
1035 1138 1220 1170 intermellos
1243 1137 1322 1178 (dus
1339 1136 1427 1176 vat.)
1451 1135 1629 1174 episcopati.
1668 1134 1801 1166 Numeri
1824 1135 1938 1166 librum
1962 1136 2074 1168 Ponti-

425 1195 548 1225 ficalem
567 1195 788 1225 continuantes
806 1203 876 1223 esse
895 1192 1076 1223 debuerunt
1091 1189 1315 1229 LVI—LXV,
1341 1188 1398 1220 sed
1416 1198 1487 1219 cum
1504 1187 1641 1229 primum
1663 1187 1849 1229 episcopum
1873 1192 2075 1219 numeratum

426 1248 489 1277 iam
520 1247 551 1277 in
583 1247 723 1287 epitoma
748 1245 919 1276 laterculus
948 1246 1077 1285 repetat
1107 1246 1139 1273 et
1170 1242 1250 1273 duos
1281 1244 1454 1283 sequentes
1484 1239 1568 1270 male
1599 1239 1758 1280 geminet,
1788 1241 1977 1281 praescripti
2005 1244 2077 1272 sunt

427 1309 483 1341 pro
508 1299 591 1328 veris
615 1298 739 1328 numeri
762 1295 1054 1327 LVII—LXVIII.

536 1361 579 1389 12.
612 1357 738 1388 Codjcis
762 1357 954 1388 Havniensis
978 1367 1006 1386 n.
1026 1358 1086 1386 454
1113 1355 1311 1386 collectanea
1336 1353 1530 1394 prosperum
1559 1351 1776 1382 continuantia
1804 1350 1886 1392 (dixi
1910 1351 1950 1382 de
1975 1353 2021 1383 eis
2044 1353 2076 1383 in

428 1411 535 1441 chron.
560 1411 635 1442 min.
660 1410 721 1441 vol.
746 1413 754 1440 l
786 1421 816 1451 p.
835 1411 910 1441 266)
943 1409 1025 1439 inter
1056 1408 1118 1438 alia
1150 1406 1306 1437 exhibent
1340 1405 1468 1435 nomina
1501 1404 1725 1445 episcoporum
1753 1402 1970 1434 Romanorum
2006 1415 2078 1435 eum

431 1463 541 1503 spatiis
565 1463 628 1493 suis
652 1473 671 1493 a
694 1462 803 1493 Felice
828 1461 879 1491 III
903 1462 938 1499 η’·
955 1461 1030 1498 492)
1055 1459 1096 1490 ad
1118 1457 1301 1490 Deusdedit
1325 1458 1358 1497 (ἤ-
1376 1456 1463 1495 618),
1488 1466 1571 1497 quae
1594 1455 1749 1485 laterculo
1772 1455 1902 1486 inserui.

534 1557 693 1588 Numeros
717 1557 875 1599 episcopis
899 1555 1120 1598 praescribunt
1150 1564 1192 1585 ex
1220 1552 1382 1584 laterculis
1413 1551 1462 1582 his
1489 1551 1602 1581 tertius
1627 1553 1756 1591 quartus
1787 1551 1913 1592 quintus
1938 1551 2079 1582 decimus

433 1609 618 1640 undecimus
642 1613 851 1650 numeratque
885 1608 1054 1649 episcopos
1078 1606 1175 1637 etiam
1199 1615 1310 1636 nonus.
1355 1603 1460 1634 Missis
1484 1603 1594 1645 quinto
1620 1605 1653 1633 et
1675 1601 1856 1641 undecimo,
1882 1602 1921 1633 de
1946 1613 2080 1644 quorum

433 1662 652 1692 numeratione
681 1664 830 1702 corrupta
860 1669 956 1701 supra
985 1658 1139 1697 diximus,
1168 1657 1280 1688 tertius
1309 1659 1341 1687 et
1371 1660 1502 1697 quartus
1525 1654 1707 1685 nominibus
1730 1654 1894 1685 recensitis
1919 1658 2005 1686 recte
2030 1665 2080 1686 re-

433 1713 607 1754 spondent,
632 1714 708 1744 item
733 1723 848 1750 nonus.
879 1711 937 1742 nisi
967 1710 1053 1752 quod
1082 1720 1153 1741 eum
1181 1709 1221 1739 ab
1252 1718 1291 1739 eo
1322 1708 1436 1738 Petrus
1464 1706 1562 1745 absit,
1595 1705 1770 1747 Gregorius
1792 1705 1807 1736 1
1832 1705 1948 1737 Indicis
1971 1706 2082 1738 LXIV

433 1765 483 1795 hic
507 1770 554 1795 est
578 1764 700 1795 LXIII.
739 1764 906 1794 Consentit
931 1773 1002 1793 cum
1024 1761 1134 1792 Indice
1160 1761 1361 1792 continuator
1377 1758 1555 1789 Marcellini
1570 1757 1726 1798 Vigilium
1751 1757 1870 1788 faciens
1894 1758 2080 1800 episcopum

434 1816 559 1847 LVIII]
579 1816 698 1857 [chron.
717 1817 791 1847 min.
809 1815 870 1846 vol.
889 1817 907 1845 2
931 1826 961 1856 p.
980 1813 1046 1854 46).
1072 1832 1109 1835 ἡ
1137 1812 1331 1843 Pontifiealis
1347 1811 1429 1842 liber
1446 1809 1594 1840 convenit
1611 1819 1682 1839 cum
1700 1808 1810 1840 Indice
1829 1813 1971 1848 eatenus,
1996 1810 2082 1852 quod

435 1868 523 1898 addit
548 1868 626 1898 duos
650 1869 863 1899 Anenclctum
890 1871 920 1897 et
944 1865 1177 1896 Marcellinum.
1210 1883 1249 1886 —
1273 1863 1391 1894 Differt
1414 1861 1586 1892 laterculus
1611 1860 1752 1891 decimus
1777 1861 1918 1891 omnium
1943 1862 2082 1903 optimus

436 1920 701 1961 Synnnachianus
725 1930 821 1950 unum
847 1919 1033 1960 episcopum
1065 1916 1174 1947 nescio
1199 1914 1361 1957 quomodo
1393 1913 1530 1949 addens3
1561 1922 1635 1942 nam
1660 1911 1872 1953 Symmachus
1896 1912 2012 1943 Indicis
2037 1913 2082 1944 LI

435 1972 478 2002 ibi
503 1976 551 2002 est
575 1972 644 2002 LII.
689 1970 775 2002 Fieri
805 1974 927 2012 potest7
959 1973 993 2000 ut
1024 1969 1140 1999 omisso
1165 1967 1262 1998 Petro
1293 1966 1428 2010 scriptor
1460 1964 1626 1995 admiserit
1649 1963 1863 1994 Anenoletum
1889 1968 1921 1995 et
1945 1964 2082 1996 Marcel-

435 2024 544 2054 linum.
571 2043 607 2046 —
633 2023 848 2064 Hieronymus
873 2032 944 2052 cum
961 2021 1093 2051 Petrum
1117 2020 1202 2050 inter
1225 2019 1394 2061 episcopos
1418 2027 1481 2048 non
1504 2020 1652 2047 numeret
1676 2019 1708 2046 et
1733 2016 1859 2046 omittat
1881 2015 2023 2048 Felicem
2040 2017 2082 2057 II,

438 2076 605 2117 opiscopus
631 2076 659 2106 ci
685 2080 847 2106 extremus
872 2073 1042 2111 Damasus⁷
1066 2071 1184 2103 Indicis
1208 2071 1384 2110 XXXVII,
1410 2069 1605 2101 Pontificalis
1629 2068 1787 2107 XXX1X‚
1807 2068 1897 2109 apud
1921 2068 2082 2110 Hierony-

437 2138 523 2158 mum
553 2131 601 2157 est
625 2126 769 2167 {XXXV
821 2126 1004 2167 Sequuntur
1037 2124 1271 2165 Hieronymum
1307 2123 1544 2154 continuatores
1579 2121 1646 2151 eius
1681 2119 1837 2161 Prosper,
1872 2119 1958 2161 apud
1989 2131 2084 2162 quem

439 2184 602 2210 extremus
626 2178 694 2209 Leo
718 2178 748 2217 I7
782 2177 896 2209 Indicis
929 2176 1031 2213 XLY,
1057 2176 1254 2206 Pontificalis
1283 2174 1424 2213 XLVII,
1450 2177 1499 2204 est
1524 2172 1649 2209 XLIII,
1685 2172 1761 2202 item
1788 2171 1991 2202 Marcellinus
2015 2173 2083 2214 ipse

439 2232 559 2267 (chron.
585 2231 658 2262 min.
684 2230 702 2261 l.
721 2230 773 2267 c.').
