2245 3213
432 215 491 244 244

719 297 800 323 FEL
807 298 882 323 IOIA
888 297 943 323 NA

431 361 447 380 ιι
463 350 626 380 consolatu
641 348 912 380 MaximiniVIIIl
926 360 1026 391 usque
1040 349 1082 380 ad
1094 350 1228 381 Maxen-

432 402 474 431 tio
501 401 542 432 II.

432 462 483 502 qui
510 461 565 491 fuit
590 472 699 491 mense
723 460 908 503 Septembri

430 521 605 551 Volusiano
631 524 662 552 ct
686 521 801 552 Rufino
826 522 1017 554 consolibus.
1069 523 1130 553 IIic
1155 533 1229 553 con-

430 573 540 608 stitnit,
559 573 644 603 nulla
662 574 785 604 ratione
803 573 854 604 die
873 574 1031 605 dominica
1049 578 1103 605 aut
1121 575 1230 616 quinta

431 625 509 654 scria
552 625 704 656 ieiunium
741 626 810 667 quis
846 625 886 656 dc
925 626 1073 657 fidelibus
1107 630 1230 667 ageret,

430 676 502 717 quia
528 686 584 706 cos
609 676 676 707 dics
693 678 810 719 pagani
829 678 917 719 quasi
936 688 1060 708 sacrum
1079 679 1230 709 ieiunium

430 728 648 759 celebrabant.
695 729 736 759 Et
760 729 921 760 Manichci
952 730 1074 760 inventi
1104 733 1176 760 sunt
1200 731 1232 761 in

430 780 551 810 urbem.
598 779 650 810 Ab
675 780 791 811 codem
815 780 866 811 die
892 781 976 821 fecit,
1000 785 1035 812 ut
1052 781 1232 812 oblationes

431 835 634 862 conset-ratas
670 843 727 873 per
763 833 914 863 ccclesias
951 836 983 864 ct
1012 837 1231 864 consacratum

432 884 601 925 episcopus
626 883 830 925 dirigeretur,
855 885 941 926 quod
965 885 1145 916 declaratur
1168 885 1231 916 fer-

431 940 584 967 mentum.
631 935 693 966 IIie
717 936 793 967 fecit
817 936 1020 968 ordinatione
1044 937 1060 967 I

429 1006 487 1037 per
510 1006 609 1027 inens.
634 996 803 1036 Decemb„

428 1057 535 1098 presb.
550 1056 629 1090 IIII.
647 1056 727 1088 diac.
743 1057 804 1096 III,
822 1057 991 1099 episcopos
1007 1067 1067 1098 per
1083 1057 1153 1088 loca
1170 1056 1229 1088 XI.

429 1229 470 1259 Et
495 1230 631 1260 cessavit
655 1230 859 1272 episcopatus
884 1229 952 1261 dies
976 1228 1067 1260 XVI.

472 1317 590 1338 xxxnn.
616 1306 800 1347 SlLVESTER,
828 1308 958 1338 natione
987 1306 1162 1342 Romanus,
1187 1317 1229 1337 cx

429 1362 520 1400 patre
556 1358 687 1398 Rufino,
723 1358 806 1389 sedit
841 1369 912 1389 ann.
937 1358 1056 1389 XXIII
1080 1358 1228 1390 mens.X

429 1410 497 1441 dics
522 1411 588 1449 XI,
620 1411 820 1452 temporibus
847 1411 1046 1441 Constantini
1071 1414 1103 1441 et
1126 1410 1227 1441 Volu-

429 1463 526 1501 siani,
558 1472 598 1492 ex
629 1462 680 1493 die
713 1462 756 1493 kl.
781 1462 861 1494 Feb.
885 1473 985 1504 usque
1014 1463 1046 1493 in
1077 1462 1161 1493 diem
1185 1462 1228 1493 kl.

430 1514 498 1546 Ian.
535 1514 721 1544 Constantio
763 1517 795 1544 et
819 1514 996 1545 Volusiano
1037 1514 1228 1545 consolibus.

429 1565 491 1596 IIic
524 1566 621 1596 exilio
653 1566 711 1597 fuit
737 1567 769 1596 in
796 1569 937 1597 montem
962 1565 1132 1604 Seracten,
1156 1575 1229 1606 per-

430 1617 594 1647 secutione
621 1616 819 1648 Constantini
855 1628 1045 1656 concussuS‚
1075 1620 1107 1648 et
1140 1620 1227 1658 post-

431 1669 559 1700 modum
586 1669 712 1700 rediens
737 1680 808 1700 cum
833 1669 934 1711 gloria
951 1669 1128 1711 baptizavit
1144 1668 1229 1699 Con-

429 1722 567 1752 stantino
592 1721 728 1763 Agusto⁷

430 1792 524 1823 quem
561 1782 682 1813 curavit
720 1781 866 1813 dominus
909 1792 968 1823 per
1011 1781 1172 1823 baptismo
1212 1791 1231 1811 a

428 1834 528 1875 lepra.

430 1893 490 1924 IIie
526 1894 601 1924 fecit
637 1894 843 1925 constitutum
881 1894 920 1925 de
962 1894 1046 1924 omni
1083 1894 1228 1925 ecclesia.

429 1945 533 1975 Huius
568 1946 766 1987 temporibus
802 1946 920 1976 factum
955 1946 1122 1976 concilium
1158 1957 1229 1977 cum

430 1998 497 2027 cius
522 2008 677 2028 consensu
700 1998 731 2028 in
755 1997 856 2028 Nicea
879 1997 1013 2030 Bitinia:

430 2062 461 2087 et
485 2058 673 2099 congregati
697 2061 769 2088 sunt
792 2057 978 2089 sacerdotes

429 2117 628 2148 CCCXVIII
660 2118 800 2160 episcopi
837 2118 984 2149 catholici
1025 2121 1057 2149 et
1093 2128 1227 2160 quorum

430 2170 614 2211 cyrografus
645 2170 780 2200 cucurrit
818 2170 869 2201 alii
899 2170 1053 2201 inbeciles
1079 2170 1226 2207 CCVIII,

430 2222 481 2261 qui
506 2225 725 2263 exposuerunt
748 2221 844 2252 fidem
868 2222 1026 2263 integram

429 2285 571 2311 sans-tam
597 2281 786 2313 catholicam
812 2282 1049 2313 immaculatam

430 2346 458 2371 ot
485 2341 716 2372 danniavcrunt
748 2342 892 2373 Arrium.
923 2342 1072 2373 Fotinum
1104 2345 1135 2372 et
1168 2342 1226 2372 Sa-

429 2393 558 2423 bellium

429 2453 478 2483 vcl
504 2464 659 2495 sequaces
684 2464 804 2484 corum.

430 2513 469 2543 Et
504 2515 533 2544 in
566 2514 645 2544 urbe
674 2514 779 2544 Roma
817 2514 1025 2554 congregavit
1059 2513 1227 2555 episcopus

429 2565 641 2595 (Jtrlfflxvll
676 2570 707 2595 ct
738 2565 901 2595 damnavit
928 2564 1048 2595 Calisto
1078 2569 1109 2595 ct
1133 2565 1226 2595 Arrio

430 2623 460 2645 ct
486 2617 643 2649 Fotinum.
690 2616 731 2647 Et
755 2617 925 2655 constituit,

430 2680 462 2705 ut
492 2676 648 2717 presbiter
674 2677 842 2707 Arrianum
875 2687 937 2707 non
965 2677 1143 2718 susciperet
1166 2676 1224 2706 nisi

430 2728 597 2768 opiscopus
623 2728 680 2758 loci
706 2728 875 2769 designati.
901 2732 933 2759 et

429 2787 540 2816 crisma
575 2788 615 2816 ab
647 2789 796 2829 episc-opo
827 2789 936 2819 confici
967 2792 997 2819 et
1022 2788 1223 2830 privilegium

429 2839 595 2879 epist-opis.
615 2843 645 2868 ut
670 2840 863 2880 baptizatum
882 2841 1070 2881 consignent
1094 2844 1224 2881 propter

1151 212 1364 239 EPITOMAE

1568 300 1799 327 CONONIANA

1284 360 1302 381 a
1317 352 1481 383 consolatu
1494 352 1765 384 MaximiniVIlII
1778 365 1878 396 usque
1893 355 1934 386 ad
1947 355 2080 388 Maxen-

1284 403 1361 434 tium
1385 403 1427 443 ΙΙ,

1284 522 1460 554 Volusiano
1485 528 1517 555 et
1540 524 1656 556 Rufino
1681 526 1871 558 consolibus.
1918 526 1980 557 Hie
2004 537 2079 558 eon—

1284 575 1394 614 stituit,
1412 576 1498 606 nulla
1515 577 1638 607 ratione
1655 577 1706 607 die
1723 577 1882 608 dominica
1899 581 1954 609 aut
1971 579 2081 620 quinta

1286 627 1365 658 feria
1396 627 1547 658 ieiunium
1580 629 1649 670 quis
1678 628 1818 659 fidelium
1848 633 1975 670 ageret.
2007 631 2081 671 quia

1285 678 1343 709 hos
1382 678 1450 709 (lies
1488 680 1606 720 pagani
1645 680 1734 721 quasi
1768 690 1892 711 sacrum
1929 681 2081 712 ieiunium

1286 730 1503 762 celebrabant.
1550 730 1592 761 Et
1621 730 1780 762 Manichei
1807 732 1926 763 inventi
1955 736 2027 763 sunt
2050 734 2081 764 in

1284 782 1373 813 urbe.
1429 781 1480 813 Ab
1513 782 1629 813 codem
1654 782 1704 814 die
1729 784 1820 823 fecit,
1843 788 1878 814 ut
1901 784 2081 815 oblationes

1285 837 1487 864 consecratas
1521 844 1579 875 per
1609 835 1760 865 eeclesias
1792 845 1833 865 ex
1863 839 2081 867 consecratum

1286 886 1428 927 episcopi
1452 885 1659 926 dirigeretur,
1693 886 1778 927 quod
1809 886 1991 918 declaratur
2018 888 2081 918 fer-

1285 940 1438 969 mentum.
1484 936 1546 968 Hic
1570 938 1646 968 fecit
1670 937 1769 968 ordin.
1786 938 1812 978 I,

1284 1057 1389 1099 presb.
1407 1057 1485 1097 IIII,
1511 1056 1590 1087 diac.
1608 1056 1686 1096 IIII,
1712 1057 1880 1099 episcopos
1904 1057 1962 1088 XI.

1283 1117 1501 1159 Sepultusque
1535 1119 1584 1147 est
1617 1117 1649 1147 in
1684 1117 1839 1148 cimiterio
1875 1118 1985 1149 Calisti
2015 1118 2082 1150 IIII

1282 1169 1324 1200 id.
1347 1169 1427 1200 Feb.

1283 1229 1430 1260 Cessavit
1453 1229 1656 1271 episcopatus
1680 1227 1748 1259 dies
1772 1228 1861 1260 XVI.

1326 1317 1444 1338 xxxnn.
1469 1305 1655 1344 vansrnn,
1686 1306 1816 1337 natione
1839 1306 2013 1344 Romanus,
2040 1318 2082 1338 ex

1282 1362 1372 1400 patre
1404 1358 1536 1396 Rufino⁷
1579 1357 1663 1388 sedit
1704 1368 1753 1389 an.
1784 1358 1883 1389 XXII
1924 1369 2026 1391 meus».
2050 1359 2082 1390 X

1283 1410 1351 1441 dics
1367 1410 1426 1441 XI.
1460 1410 1535 1440 Fuit
1548 1412 1655 1440 autem
1669 1410 1867 1451 temporibus
1881 1409 2081 1442 Constantini

1284 1465 1316 1492 et
1332 1461 1516 1499 Volusiani,
1549 1471 1589 1491 ex
1614 1460 1665 1491 (lie
1690 1461 1720 1492 k.
1745 1461 1824 1492 Feb.
1848 1472 1950 1503 usque
1974 1462 2005 1493 in
2030 1462 2081 1493 die

1283 1514 1314 1545 k.
1338 1513 1405 1545 Ian.
1431 1512 1617 1543 Constantio
1642 1516 1674 1543 et
1690 1512 1866 1544 Volusiano
1890 1514 2080 1546 consolibus.

1283 1565 1344 1596 IIic
1376 1565 1472 1595 exilio
1504 1564 1562 1595 fuit
1599 1565 1630 1594 in
1661 1567 1770 1595 monte
1801 1564 1969 1605 Soracten,
2008 1576 2080 1607 per-

1283 1617 1447 1647 secutione
1480 1615 1681 1647 Constantini
1719 1626 1905 1656 concussus,
1945 1620 1977 1648 et
2009 1621 2081 1659 post

1283 1669 1410 1699 rediens
1456 1679 1526 1699 cum
1565 1668 1667 1710 gloria
1711 1667 1886 1710 baptizavit
1923 1668 2079 1700 Constan-

1284 1721 1383 1752 tinum
1407 1720 1491 1762 Aug.

1284 1893 1345 1923 Hic
1383 1893 1458 1923 fecit
1494 1892 1698 1923 constitutum
1735 1892 1775 1923 de
1811 1893 1894 1923 omni
1930 1894 2076 1924 ecelesia.

1283 1945 1481 1986 Factumque
1499 1948 1547 1974 est
1563 1944 1729 1975 concilium
1748 1955 1817 1975 Cum
1836 1946 1903 1976 eius
1921 1956 2077 1976 consensu

1282 1997 1313 2027 in
1336 1997 1438 2028 Nicea
1460 1996 1589 2027 Bitinca

1282 2068 1353 2088 eum

1282 2116 1483 2148 CCCXVIII
1530 2116 1687 2158 episcopis
1730 2119 1763 2147 et
1809 2126 1942 2158 quorum
1987 2127 2078 2158 cyro-

1281 2169 1437 2211 graphum
1473 2169 1609 2199 cucurrit
1644 2168 1696 2198 alii
1738 2167 1892 2198 inbecilcs
1931 2167 2078 2207 CCVIII,

1282 2222 1334 2262 qui
1356 2224 1576 2262 exposuerunt
1601 2220 1694 2250 tidem
1719 2218 1875 2260 integrali]

1282 2345 1314 2372 ct
1347 2340 1579 2372 damnaverunt
1607 2340 1749 2379 Arrium.
1781 2339 1931 2370 Fotinum
1963 2342 1995 2369 et
2019 2338 2077 2369 Sa-

1282 2393 1423 2424 bellium.

1284 2513 1317 2543 In
1360 2513 1439 2543 urbe
1479 2512 1582 2543 Roma
1625 2511 1834 2552 congregavit
1878 2511 2045 2552 episcopos

1282 2564 1496 2595 CCLXXVII
1514 2567 1546 2594 ct
1560 2563 1721 2594 damnavit
1739 2563 1903 2599 Calistum.
1920 2562 2047 2593 Arrium

1281 2620 1313 2647 ct
1338 2616 1497 2647 Fotinum.
1544 2614 1781 2656 Constituitquc

1279 2788 1393 2818 crisma
1422 2787 1462 2817 ab
1494 2787 1645 2829 episcopo
1677 2787 1787 2817 confici
1819 2789 1849 2816 ct
1874 2785 2073 2826 privilegium

1279 2839 1446 2880 episcopis.
1470 2842 1504 2869 ut
1527 2839 1722 2880 baptizatum
1740 2838 1928 2878 consignent
1944 2840 2076 2878 propter
