<?xml version="1.0" encoding="UTF-8"?>
<!DOCTYPE html PUBLIC "-//W3C//DTD XHTML 1.0 Transitional//EN"
    "http://www.w3.org/TR/xhtml1/DTD/xhtml1-transitional.dtd">
<html xmlns="http://www.w3.org/1999/xhtml" xml:lang="en" lang="en">
 <head>
  <title>
</title>
<meta http-equiv="Content-Type" content="text/html;charset=utf-8" />
  <meta name='ocr-system' content='tesseract 3.04.00' />
  <meta name='ocr-capabilities' content='ocr_page ocr_carea ocr_par ocr_line ocrx_word'/>
</head>
<body>
  <div class='ocr_page' id='page_1' title='image "./monumentagegesto01geseuoft_0088.png"; bbox 0 0 2245 3213; ppageno 0'>
   <div class='ocr_carea' id='block_1_1' title="bbox 274 1908 377 1936">
    <p class='ocr_par' dir='ltr' id='par_1_1' title="bbox 274 1908 377 1936">
     <span class='ocr_line' id='line_1_1' title="bbox 274 1908 377 1936; baseline 0.01 -9"><span class='ocrx_word' id='word_1_1' title='bbox 274 1908 284 1927; x_wconf 24' lang='grc' dir='ltr'>γ’</span> <span class='ocrx_word' id='word_1_2' title='bbox 293 1908 299 1919; x_wconf 62' lang='grc'>·’</span> <span class='ocrx_word' id='word_1_3' title='bbox 313 1914 377 1936; x_wconf 61' lang='lat' dir='ltr'>spec.</span> 
     </span>
    </p>
   </div>
   <div class='ocr_carea' id='block_1_2' title="bbox 377 202 1346 234">
    <p class='ocr_par' dir='ltr' id='par_1_2' title="bbox 377 202 1346 234">
     <span class='ocr_line' id='line_1_2' title="bbox 377 202 1346 234; baseline -0.005 0"><span class='ocrx_word' id='word_1_4' title='bbox 377 208 502 234; x_wconf 78' lang='lat' dir='ltr'>LXXXII</span> <span class='ocrx_word' id='word_1_5' title='bbox 1062 202 1346 230; x_wconf 80' lang='lat' dir='ltr'><strong>PROLEGOMENA.</strong></span> 
     </span>
    </p>
   </div>
   <div class='ocr_carea' id='block_1_3' title="bbox 522 289 1604 593">
    <p class='ocr_par' dir='ltr' id='par_1_3' title="bbox 534 289 1474 336">
     <span class='ocr_line' id='line_1_3' title="bbox 534 289 1474 336; baseline -0.007 -10"><span class='ocrx_word' id='word_1_6' title='bbox 534 306 564 336; x_wconf 90' lang='lat' dir='ltr'>p.</span> <span class='ocrx_word' id='word_1_7' title='bbox 582 296 632 325; x_wconf 61' lang='grc' dir='ltr'>ὃὸ,</span> <span class='ocrx_word' id='word_1_8' title='bbox 649 306 660 323; x_wconf 75' lang='lat' dir='ltr'>c,</span> <span class='ocrx_word' id='word_1_9' title='bbox 685 303 835 324; x_wconf 86' lang='lat' dir='ltr'>coronam</span> <span class='ocrx_word' id='word_1_10' title='bbox 860 302 991 322; x_wconf 82' lang='lat' dir='ltr'>auream</span> <span class='ocrx_word' id='word_1_11' title='bbox 1017 294 1091 321; x_wconf 91' lang='lat' dir='ltr'>ante</span> <span class='ocrx_word' id='word_1_12' title='bbox 1116 300 1230 331; x_wconf 90' lang='lat' dir='ltr'>corpus</span> <span class='ocrx_word' id='word_1_13' title='bbox 1254 289 1308 320; x_wconf 90' lang='lat' dir='ltr'>ubi</span> <span class='ocrx_word' id='word_1_14' title='bbox 1325 289 1399 329; x_wconf 66' lang='lat' dir='ltr'>(sie)</span> <span class='ocrx_word' id='word_1_15' title='bbox 1425 292 1474 319; x_wconf 91' lang='lat' dir='ltr'>est</span> 
     </span>
    </p>

    <p class='ocr_par' dir='ltr' id='par_1_4' title="bbox 522 343 994 387">
     <span class='ocr_line' id='line_1_4' title="bbox 522 343 994 387; baseline -0.004 -12"><span class='ocrx_word' id='word_1_16' title='bbox 522 353 565 387; x_wconf 61' lang='lat' dir='ltr'>lp.</span> <span class='ocrx_word' id='word_1_17' title='bbox 584 349 634 377; x_wconf 77' lang='grc' dir='ltr'><strong>1ἱ1.</strong></span> <span class='ocrx_word' id='word_1_18' title='bbox 653 358 662 375; x_wconf 76' lang='grc' dir='ltr'><strong>τ</strong></span> <span class='ocrx_word' id='word_1_19' title='bbox 687 345 792 375; x_wconf 86' lang='lat' dir='ltr'>oleum</span> <span class='ocrx_word' id='word_1_20' title='bbox 818 343 994 374; x_wconf 85' lang='lat' dir='ltr'>nardinum.</span> 
     </span>
    </p>

    <p class='ocr_par' dir='ltr' id='par_1_5' title="bbox 523 392 1604 492">
     <span class='ocr_line' id='line_1_5' title="bbox 523 392 1604 438; baseline -0.006 -9"><span class='ocrx_word' id='word_1_21' title='bbox 523 395 565 438; x_wconf 75' lang='lat' dir='ltr'>lp.</span> <span class='ocrx_word' id='word_1_22' title='bbox 584 400 634 435; x_wconf 64' lang='lat'>(34,</span> <span class='ocrx_word' id='word_1_23' title='bbox 653 409 662 426; x_wconf 70' lang='grc' dir='ltr'><strong>τ</strong></span> <span class='ocrx_word' id='word_1_24' title='bbox 687 399 761 426; x_wconf 84' lang='lat' dir='ltr'>aute</span> <span class='ocrx_word' id='word_1_25' title='bbox 786 405 901 436; x_wconf 89' lang='lat' dir='ltr'>corpus</span> <span class='ocrx_word' id='word_1_26' title='bbox 924 394 1002 433; x_wconf 75' lang='lat' dir='ltr'>(bis)</span> <span class='ocrx_word' id='word_1_27' title='bbox 1026 394 1112 424; x_wconf 85' lang='lat' dir='ltr'>beati</span> <span class='ocrx_word' id='word_1_28' title='bbox 1136 393 1273 424; x_wconf 76' lang='lat' dir='ltr'>laurenti</span> <span class='ocrx_word' id='word_1_29' title='bbox 1299 392 1446 434; x_wconf 85' lang='lat' dir='ltr'>martyris</span> <span class='ocrx_word' id='word_1_30' title='bbox 1470 395 1604 433; x_wconf 86' lang='lat' dir='ltr'>argento</span> 
     </span>
     <span class='ocr_line' id='line_1_6' title="bbox 524 446 979 492; baseline -0.009 -13"><span class='ocrx_word' id='word_1_31' title='bbox 524 459 567 492; x_wconf 44' lang='lat' dir='ltr'>tp.</span> <span class='ocrx_word' id='word_1_32' title='bbox 586 450 636 487; x_wconf 64' lang='lat'>55,</span> <span class='ocrx_word' id='word_1_33' title='bbox 653 460 665 478; x_wconf 67' lang='lat' dir='ltr'>s</span> <span class='ocrx_word' id='word_1_34' title='bbox 689 448 775 477; x_wconf 89' lang='lat' dir='ltr'>farus</span> <span class='ocrx_word' id='word_1_35' title='bbox 799 446 979 477; x_wconf 86' lang='lat' dir='ltr'>cantharus.</span> 
     </span>
    </p>

    <p class='ocr_par' dir='ltr' id='par_1_6' title="bbox 524 495 1347 541">
     <span class='ocr_line' id='line_1_7' title="bbox 524 495 1347 541; baseline -0.004 -12"><span class='ocrx_word' id='word_1_36' title='bbox 524 505 567 541; x_wconf 61' lang='lat' dir='ltr'>lp.</span> <span class='ocrx_word' id='word_1_37' title='bbox 585 502 636 532; x_wconf 76' lang='grc'><strong>61,</strong></span> <span class='ocrx_word' id='word_1_38' title='bbox 652 512 664 529; x_wconf 57' lang='lat' dir='ltr'>t-</span> <span class='ocrx_word' id='word_1_39' title='bbox 687 498 846 539; x_wconf 80' lang='lat' dir='ltr'>possessio</span> <span class='ocrx_word' id='word_1_40' title='bbox 871 497 1044 528; x_wconf 83' lang='lat' dir='ltr'>fronimusa</span> <span class='ocrx_word' id='word_1_41' title='bbox 1068 499 1186 538; x_wconf 83' lang='lat' dir='ltr'>praest.</span> <span class='ocrx_word' id='word_1_42' title='bbox 1214 496 1270 526; x_wconf 89' lang='lat' dir='ltr'>sel.</span> <span class='ocrx_word' id='word_1_43' title='bbox 1290 495 1347 526; x_wconf 86' lang='lat' dir='ltr'>dcc</span> 
     </span>
    </p>

    <p class='ocr_par' dir='ltr' id='par_1_7' title="bbox 536 549 1141 593">
     <span class='ocr_line' id='line_1_8' title="bbox 536 549 1141 593; baseline -0.003 -12"><span class='ocrx_word' id='word_1_44' title='bbox 536 563 565 593; x_wconf 87' lang='lat' dir='ltr'>p.</span> <span class='ocrx_word' id='word_1_45' title='bbox 584 554 634 585; x_wconf 61' lang='lat' dir='ltr'>ol,</span> <span class='ocrx_word' id='word_1_46' title='bbox 652 564 661 581; x_wconf 75' lang='grc' dir='ltr'><strong><em>τ</em></strong></span> <span class='ocrx_word' id='word_1_47' title='bbox 687 551 790 581; x_wconf 84' lang='lat' dir='ltr'>clusas</span> <span class='ocrx_word' id='word_1_48' title='bbox 814 550 924 591; x_wconf 81' lang='lat' dir='ltr'>sigillis</span> <span class='ocrx_word' id='word_1_49' title='bbox 948 549 1141 591; x_wconf 86' lang='lat' dir='ltr'>passionem.</span> 
     </span>
    </p>
   </div>
   <div class='ocr_carea' id='block_1_4' title="bbox 464 373 490 402">
    <p class='ocr_par' dir='ltr' id='par_1_8' title="bbox 464 373 490 402">
     <span class='ocr_line' id='line_1_9' title="bbox 464 373 490 402; baseline 0 0"><span class='ocrx_word' id='word_1_50' title='bbox 464 373 490 402; x_wconf 90' lang='lat' dir='ltr'>ll</span> 
     </span>
    </p>
   </div>
   <div class='ocr_carea' id='block_1_5' title="bbox 483 484 492 513">
    <p class='ocr_par' dir='ltr' id='par_1_9' title="bbox 483 484 492 513">
     <span class='ocr_line' id='line_1_10' title="bbox 483 484 492 513; baseline 0 0"><span class='ocrx_word' id='word_1_51' title='bbox 483 484 492 513; x_wconf 95' lang='lat' dir='ltr'>I</span> 
     </span>
    </p>
   </div>
   <div class='ocr_carea' id='block_1_6' title="bbox 381 606 2038 909">
    <p class='ocr_par' dir='ltr' id='par_1_10' title="bbox 381 606 2038 909">
     <span class='ocr_line' id='line_1_11' title="bbox 381 606 2035 652; baseline -0.003 -11"><span class='ocrx_word' id='word_1_52' title='bbox 381 612 493 642; x_wconf 68' lang='lat' dir='ltr'>l&#39;mlcx</span> <span class='ocrx_word' id='word_1_53' title='bbox 510 610 748 652; x_wconf 58' lang='lat' dir='ltr'>qum‘lammodo</span> <span class='ocrx_word' id='word_1_54' title='bbox 763 610 902 651; x_wconf 76' lang='lat' dir='ltr'>pertinet</span> <span class='ocrx_word' id='word_1_55' title='bbox 919 613 984 639; x_wconf 87' lang='lat' dir='ltr'>tam</span> <span class='ocrx_word' id='word_1_56' title='bbox 1001 609 1041 640; x_wconf 89' lang='lat' dir='ltr'>ad</span> <span class='ocrx_word' id='word_1_57' title='bbox 1059 609 1193 639; x_wconf 82' lang='lat' dir='ltr'>classem</span> <span class='ocrx_word' id='word_1_58' title='bbox 1211 608 1385 638; x_wconf 87' lang='lat' dir='ltr'>secundam</span> <span class='ocrx_word' id='word_1_59' title='bbox 1401 618 1495 648; x_wconf 89' lang='lat' dir='ltr'>quam</span> <span class='ocrx_word' id='word_1_60' title='bbox 1512 607 1554 638; x_wconf 85' lang='lat' dir='ltr'>ad</span> <span class='ocrx_word' id='word_1_61' title='bbox 1571 608 1716 639; x_wconf 84' lang='lat' dir='ltr'>tertiam:</span> <span class='ocrx_word' id='word_1_62' title='bbox 1739 616 1813 637; x_wconf 89' lang='lat' dir='ltr'>nam</span> <span class='ocrx_word' id='word_1_63' title='bbox 1830 617 1901 637; x_wconf 87' lang='lat' dir='ltr'>eum</span> <span class='ocrx_word' id='word_1_64' title='bbox 1918 607 1949 636; x_wconf 91' lang='lat' dir='ltr'>in</span> <span class='ocrx_word' id='word_1_65' title='bbox 1967 606 2035 637; x_wconf 89' lang='lat' dir='ltr'>uni—</span> 
     </span>
     <span class='ocr_line' id='line_1_12' title="bbox 382 658 2032 704; baseline -0.003 -11"><span class='ocrx_word' id='word_1_66' title='bbox 382 674 507 694; x_wconf 69' lang='lat' dir='ltr'>versum</span> <span class='ocrx_word' id='word_1_67' title='bbox 531 666 683 704; x_wconf 84' lang='lat' dir='ltr'>sequatur</span> <span class='ocrx_word' id='word_1_68' title='bbox 699 662 796 693; x_wconf 81' lang='lat' dir='ltr'>illam.</span> <span class='ocrx_word' id='word_1_69' title='bbox 815 665 847 692; x_wconf 88' lang='lat' dir='ltr'>et</span> <span class='ocrx_word' id='word_1_70' title='bbox 870 662 901 691; x_wconf 90' lang='lat' dir='ltr'>iu</span> <span class='ocrx_word' id='word_1_71' title='bbox 925 661 1035 702; x_wconf 87' lang='lat' dir='ltr'>spatiis</span> <span class='ocrx_word' id='word_1_72' title='bbox 1053 661 1294 702; x_wconf 77' lang='lat' dir='ltr'>episcopatuum</span> <span class='ocrx_word' id='word_1_73' title='bbox 1319 663 1352 690; x_wconf 91' lang='lat' dir='ltr'>et</span> <span class='ocrx_word' id='word_1_74' title='bbox 1375 660 1406 690; x_wconf 90' lang='lat' dir='ltr'>in</span> <span class='ocrx_word' id='word_1_75' title='bbox 1429 659 1498 689; x_wconf 84' lang='lat' dir='ltr'>aliis</span> <span class='ocrx_word' id='word_1_76' title='bbox 1523 669 1594 689; x_wconf 88' lang='lat' dir='ltr'>cum</span> <span class='ocrx_word' id='word_1_77' title='bbox 1611 659 1706 689; x_wconf 86' lang='lat' dir='ltr'>tertia</span> <span class='ocrx_word' id='word_1_78' title='bbox 1729 659 1830 689; x_wconf 86' lang='lat' dir='ltr'>classe</span> <span class='ocrx_word' id='word_1_79' title='bbox 1855 658 1941 697; x_wconf 83' lang='lat' dir='ltr'>facit,</span> <span class='ocrx_word' id='word_1_80' title='bbox 1966 658 2032 699; x_wconf 88' lang='lat' dir='ltr'>pri—</span> 
     </span>
     <span class='ocr_line' id='line_1_13' title="bbox 383 709 2036 755; baseline -0.004 -10"><span class='ocrx_word' id='word_1_81' title='bbox 383 715 499 745; x_wconf 83' lang='lat' dir='ltr'>marius</span> <span class='ocrx_word' id='word_1_82' title='bbox 524 715 554 745; x_wconf 90' lang='lat' dir='ltr'>in</span> <span class='ocrx_word' id='word_1_83' title='bbox 578 718 713 755; x_wconf 82' lang='lat' dir='ltr'>utraque</span> <span class='ocrx_word' id='word_1_84' title='bbox 739 717 769 743; x_wconf 86' lang='lat' dir='ltr'>ct</span> <span class='ocrx_word' id='word_1_85' title='bbox 795 713 914 754; x_wconf 86' lang='lat' dir='ltr'>optime</span> <span class='ocrx_word' id='word_1_86' title='bbox 940 713 1088 753; x_wconf 85' lang='lat' dir='ltr'>scriptus,</span> <span class='ocrx_word' id='word_1_87' title='bbox 1113 723 1151 742; x_wconf 91' lang='lat' dir='ltr'>eo</span> <span class='ocrx_word' id='word_1_88' title='bbox 1177 722 1304 753; x_wconf 86' lang='lat' dir='ltr'>quoquc</span> <span class='ocrx_word' id='word_1_89' title='bbox 1329 711 1457 742; x_wconf 90' lang='lat' dir='ltr'>nomine</span> <span class='ocrx_word' id='word_1_90' title='bbox 1482 710 1623 751; x_wconf 82' lang='lat' dir='ltr'>insignis,</span> <span class='ocrx_word' id='word_1_91' title='bbox 1649 709 1735 751; x_wconf 89' lang='lat' dir='ltr'>quod</span> <span class='ocrx_word' id='word_1_92' title='bbox 1760 719 1865 751; x_wconf 89' lang='lat' dir='ltr'>neque</span> <span class='ocrx_word' id='word_1_93' title='bbox 1889 709 2036 740; x_wconf 88' lang='lat' dir='ltr'>librarius</span> 
     </span>
     <span class='ocr_line' id='line_1_14' title="bbox 383 761 2037 807; baseline -0.004 -10"><span class='ocrx_word' id='word_1_94' title='bbox 383 771 505 797; x_wconf 81' lang='lat' dir='ltr'>textum</span> <span class='ocrx_word' id='word_1_95' title='bbox 531 766 665 796; x_wconf 82' lang='lat' dir='ltr'>mutavit</span> <span class='ocrx_word' id='word_1_96' title='bbox 689 766 757 807; x_wconf 86' lang='lat' dir='ltr'>ipse</span> <span class='ocrx_word' id='word_1_97' title='bbox 783 764 928 795; x_wconf 82' lang='lat' dir='ltr'>indoctus</span> <span class='ocrx_word' id='word_1_98' title='bbox 952 774 1056 805; x_wconf 89' lang='lat' dir='ltr'>neque</span> <span class='ocrx_word' id='word_1_99' title='bbox 1081 767 1195 805; x_wconf 85' lang='lat' dir='ltr'>postea</span> <span class='ocrx_word' id='word_1_100' title='bbox 1219 763 1300 794; x_wconf 87' lang='lat' dir='ltr'>liber</span> <span class='ocrx_word' id='word_1_101' title='bbox 1325 762 1575 793; x_wconf 83' lang='lat' dir='ltr'>emendatricem</span> <span class='ocrx_word' id='word_1_102' title='bbox 1599 772 1730 792; x_wconf 81' lang='lat' dir='ltr'>manum</span> <span class='ocrx_word' id='word_1_103' title='bbox 1748 761 1847 792; x_wconf 91' lang='lat' dir='ltr'>ullam</span> <span class='ocrx_word' id='word_1_104' title='bbox 1864 771 2037 802; x_wconf 85' lang='lat' dir='ltr'>perpessus</span> 
     </span>
     <span class='ocr_line' id='line_1_15' title="bbox 383 813 2038 857; baseline -0.004 -8"><span class='ocrx_word' id='word_1_105' title='bbox 383 822 440 850; x_wconf 79' lang='lat' dir='ltr'>cst.</span> <span class='ocrx_word' id='word_1_106' title='bbox 488 818 654 854; x_wconf 82' lang='lat' dir='ltr'>Quatenus</span> <span class='ocrx_word' id='word_1_107' title='bbox 679 828 749 848; x_wconf 83' lang='lat' dir='ltr'>cum</span> <span class='ocrx_word' id='word_1_108' title='bbox 774 818 875 848; x_wconf 85' lang='lat' dir='ltr'>classe</span> <span class='ocrx_word' id='word_1_109' title='bbox 900 820 1035 857; x_wconf 88' lang='lat' dir='ltr'>utraque</span> <span class='ocrx_word' id='word_1_110' title='bbox 1054 816 1160 853; x_wconf 76' lang='lat' dir='ltr'>faciat,</span> <span class='ocrx_word' id='word_1_111' title='bbox 1185 815 1332 856; x_wconf 80' lang='lat' dir='ltr'>sequenti</span> <span class='ocrx_word' id='word_1_112' title='bbox 1351 815 1456 856; x_wconf 87' lang='lat' dir='ltr'>capite</span> <span class='ocrx_word' id='word_1_113' title='bbox 1474 813 1706 855; x_wconf 84' lang='lat' dir='ltr'>explicabitur;</span> <span class='ocrx_word' id='word_1_114' title='bbox 1732 813 1783 844; x_wconf 91' lang='lat' dir='ltr'>hic</span> <span class='ocrx_word' id='word_1_115' title='bbox 1807 822 1926 854; x_wconf 86' lang='lat' dir='ltr'>paucos</span> <span class='ocrx_word' id='word_1_116' title='bbox 1950 813 2038 843; x_wconf 84' lang='lat' dir='ltr'>locos</span> 
     </span>
     <span class='ocr_line' id='line_1_16' title="bbox 383 865 2037 909; baseline -0.004 -9"><span class='ocrx_word' id='word_1_117' title='bbox 383 870 591 909; x_wconf 57' lang='lat' dir='ltr'>subicimus,</span> <span class='ocrx_word' id='word_1_118' title='bbox 620 869 674 900; x_wconf 89' lang='lat' dir='ltr'>ubi</span> <span class='ocrx_word' id='word_1_119' title='bbox 707 873 817 900; x_wconf 87' lang='lat' dir='ltr'>eontra</span> <span class='ocrx_word' id='word_1_120' title='bbox 840 872 1009 909; x_wconf 87' lang='lat' dir='ltr'>utramque</span> <span class='ocrx_word' id='word_1_121' title='bbox 1034 867 1179 909; x_wconf 85' lang='lat' dir='ltr'>proprias</span> <span class='ocrx_word' id='word_1_122' title='bbox 1203 867 1358 898; x_wconf 86' lang='lat' dir='ltr'>lectiones</span> <span class='ocrx_word' id='word_1_123' title='bbox 1390 866 1489 897; x_wconf 86' lang='lat' dir='ltr'>habet</span> <span class='ocrx_word' id='word_1_124' title='bbox 1513 865 1703 904; x_wconf 80' lang='lat' dir='ltr'>mendosas,</span> <span class='ocrx_word' id='word_1_125' title='bbox 1728 876 1769 895; x_wconf 87' lang='lat' dir='ltr'>ex</span> <span class='ocrx_word' id='word_1_126' title='bbox 1796 867 1890 906; x_wconf 86' lang='lat' dir='ltr'>parte</span> <span class='ocrx_word' id='word_1_127' title='bbox 1920 875 2037 905; x_wconf 81' lang='lat' dir='ltr'>propa-</span> 
     </span>
    </p>
   </div>
   <div class='ocr_carea' id='block_1_7' title="bbox 384 917 2038 1005">
    <p class='ocr_par' dir='ltr' id='par_1_11' title="bbox 384 917 2038 1005">
     <span class='ocr_line' id='line_1_17' title="bbox 384 917 2038 963; baseline -0.003 -11"><span class='ocrx_word' id='word_1_128' title='bbox 384 926 476 963; x_wconf 81' lang='lat' dir='ltr'>gatas</span> <span class='ocrx_word' id='word_1_129' title='bbox 501 932 541 952; x_wconf 76' lang='lat' dir='ltr'>cx</span> <span class='ocrx_word' id='word_1_130' title='bbox 567 921 681 952; x_wconf 78' lang='lat' dir='ltr'>eodeni</span> <span class='ocrx_word' id='word_1_131' title='bbox 698 921 874 963; x_wconf 69' lang='lat' dir='ltr'>archetypo</span> <span class='ocrx_word' id='word_1_132' title='bbox 899 921 940 951; x_wconf 90' lang='lat' dir='ltr'>ad</span> <span class='ocrx_word' id='word_1_133' title='bbox 958 920 1249 962; x_wconf 65' lang='lat' dir='ltr'>Guelferbytanum</span> <span class='ocrx_word' id='word_1_134' title='bbox 1268 920 1353 961; x_wconf 77' lang='lat' dir='ltr'>Aug.</span> <span class='ocrx_word' id='word_1_135' title='bbox 1379 920 1459 958; x_wconf 74' lang='lat' dir='ltr'>[osli</span> <span class='ocrx_word' id='word_1_136' title='bbox 1484 935 1520 944; x_wconf 68' lang='lat' dir='ltr'><em>z</em></span> <span class='ocrx_word' id='word_1_137' title='bbox 1544 918 1598 957; x_wconf 74' lang='lat'><em>02,</em></span> <span class='ocrx_word' id='word_1_138' title='bbox 1626 918 1804 949; x_wconf 89' lang='lat' dir='ltr'>Parisinum</span> <span class='ocrx_word' id='word_1_139' title='bbox 1823 919 1905 948; x_wconf 74' lang='lat'>5140</span> <span class='ocrx_word' id='word_1_140' title='bbox 1923 933 1960 942; x_wconf 90' lang='lat'>=</span> <span class='ocrx_word' id='word_1_141' title='bbox 1983 917 2038 953; x_wconf 71' lang='lat'>0⁴,</span> 
     </span>
     <span class='ocr_line' id='line_1_18' title="bbox 387 973 908 1005; baseline -0.002 -1"><span class='ocrx_word' id='word_1_142' title='bbox 387 974 672 1005; x_wconf 65' lang='lat' dir='ltr'>Yindoboncnsem</span> <span class='ocrx_word' id='word_1_143' title='bbox 697 975 757 1005; x_wconf 68' lang='lat'>388</span> <span class='ocrx_word' id='word_1_144' title='bbox 783 989 821 999; x_wconf 65' lang='lat' dir='ltr'><em>z</em></span> <span class='ocrx_word' id='word_1_145' title='bbox 851 973 908 1004; x_wconf 77' lang='lat'><em>0⁵:</em></span> 
     </span>
    </p>
   </div>
   <div class='ocr_carea' id='block_1_8' title="bbox 556 1024 2045 1877">
    <p class='ocr_par' dir='ltr' id='par_1_12' title="bbox 564 1024 2040 1164">
     <span class='ocr_line' id='line_1_19' title="bbox 564 1024 2037 1070; baseline -0.003 -10"><span class='ocrx_word' id='word_1_146' title='bbox 564 1032 614 1062; x_wconf 69' lang='lat'>⁴21.</span> <span class='ocrx_word' id='word_1_147' title='bbox 634 1043 655 1060; x_wconf 72' lang='grc' dir='ltr'>ν.»</span> <span class='ocrx_word' id='word_1_148' title='bbox 680 1028 856 1069; x_wconf 56' lang='lat' dir='ltr'>(Callistus)</span> <span class='ocrx_word' id='word_1_149' title='bbox 880 1029 1024 1070; x_wconf 86' lang='lat' dir='ltr'>sepultus</span> <span class='ocrx_word' id='word_1_150' title='bbox 1049 1031 1098 1059; x_wconf 86' lang='lat' dir='ltr'>cst</span> <span class='ocrx_word' id='word_1_151' title='bbox 1121 1028 1152 1058; x_wconf 91' lang='lat' dir='ltr'>in</span> <span class='ocrx_word' id='word_1_152' title='bbox 1178 1028 1343 1069; x_wconf 75' lang='lat' dir='ltr'>cymiterio</span> <span class='ocrx_word' id='word_1_153' title='bbox 1363 1025 1520 1068; x_wconf 78' lang='lat' dir='ltr'>Calipodi]</span> <span class='ocrx_word' id='word_1_154' title='bbox 1546 1038 1569 1058; x_wconf 89' lang='lat' dir='ltr'>s.</span> <span class='ocrx_word' id='word_1_155' title='bbox 1588 1036 1616 1058; x_wconf 91' lang='lat' dir='ltr'>e.</span> <span class='ocrx_word' id='word_1_156' title='bbox 1633 1026 1664 1056; x_wconf 92' lang='lat' dir='ltr'>in</span> <span class='ocrx_word' id='word_1_157' title='bbox 1681 1025 1846 1068; x_wconf 79' lang='lat' dir='ltr'>cymiterio</span> <span class='ocrx_word' id='word_1_158' title='bbox 1871 1035 1927 1056; x_wconf 86' lang='lat' dir='ltr'>suo</span> <span class='ocrx_word' id='word_1_159' title='bbox 1953 1024 2037 1055; x_wconf 89' lang='lat' dir='ltr'>calo-</span> 
     </span>
     <span class='ocr_line' id='line_1_20' title="bbox 696 1075 2040 1123; baseline -0.004 -11"><span class='ocrx_word' id='word_1_160' title='bbox 696 1081 772 1123; x_wconf 87' lang='lat' dir='ltr'>podi</span> <span class='ocrx_word' id='word_1_161' title='bbox 796 1081 821 1112; x_wconf 90' lang='lat'><em>0</em></span> <span class='ocrx_word' id='word_1_162' title='bbox 829 1081 849 1111; x_wconf 83' lang='lat'>³:</span> <span class='ocrx_word' id='word_1_163' title='bbox 883 1081 1014 1119; x_wconf 76' lang='lat' dir='ltr'>offendit</span> <span class='ocrx_word' id='word_1_164' title='bbox 1043 1080 1205 1120; x_wconf 71' lang='lat' dir='ltr'>archetypi</span> <span class='ocrx_word' id='word_1_165' title='bbox 1236 1079 1402 1110; x_wconf 74' lang='lat' dir='ltr'>librarium</span> <span class='ocrx_word' id='word_1_166' title='bbox 1436 1079 1599 1118; x_wconf 73' lang='lat' dir='ltr'>opiscopus</span> <span class='ocrx_word' id='word_1_167' title='bbox 1632 1077 1782 1110; x_wconf 76' lang='lat' dir='ltr'>Callistus</span> <span class='ocrx_word' id='word_1_168' title='bbox 1808 1087 1872 1108; x_wconf 75' lang='lat' dir='ltr'>non</span> <span class='ocrx_word' id='word_1_169' title='bbox 1899 1075 2040 1116; x_wconf 74' lang='lat' dir='ltr'>sepultus</span> 
     </span>
     <span class='ocr_line' id='line_1_21' title="bbox 698 1132 1177 1164; baseline -0.002 0"><span class='ocrx_word' id='word_1_170' title='bbox 698 1134 733 1164; x_wconf 62' lang='lat' dir='ltr'>{n</span> <span class='ocrx_word' id='word_1_171' title='bbox 757 1133 933 1164; x_wconf 66' lang='lat' dir='ltr'>coemeterio</span> <span class='ocrx_word' id='word_1_172' title='bbox 956 1133 1094 1163; x_wconf 72' lang='lat' dir='ltr'>nominis</span> <span class='ocrx_word' id='word_1_173' title='bbox 1116 1132 1177 1163; x_wconf 43' lang='lat' dir='ltr'>susi.</span> 
     </span>
    </p>

    <p class='ocr_par' dir='ltr' id='par_1_13' title="bbox 564 1183 2042 1428">
     <span class='ocr_line' id='line_1_22' title="bbox 564 1183 2041 1231; baseline -0.003 -12"><span class='ocrx_word' id='word_1_174' title='bbox 564 1192 614 1220; x_wconf 72' lang='lat'>43.</span> <span class='ocrx_word' id='word_1_175' title='bbox 634 1203 657 1220; x_wconf 80' lang='grc' dir='ltr'>ιο</span> <span class='ocrx_word' id='word_1_176' title='bbox 680 1190 757 1221; x_wconf 80' lang='lat' dir='ltr'>feeit</span> <span class='ocrx_word' id='word_1_177' title='bbox 791 1188 1006 1231; x_wconf 73' lang='lat' dir='ltr'>cymiterium]</span> <span class='ocrx_word' id='word_1_178' title='bbox 1040 1189 1117 1220; x_wconf 86' lang='lat' dir='ltr'>fecit</span> <span class='ocrx_word' id='word_1_179' title='bbox 1149 1188 1349 1230; x_wconf 80' lang='lat' dir='ltr'>cymiterium</span> <span class='ocrx_word' id='word_1_180' title='bbox 1382 1188 1479 1218; x_wconf 88' lang='lat' dir='ltr'>noille</span> <span class='ocrx_word' id='word_1_181' title='bbox 1518 1187 1661 1227; x_wconf 87' lang='lat' dir='ltr'>(nouelle</span> <span class='ocrx_word' id='word_1_182' title='bbox 1689 1184 1746 1224; x_wconf 81' lang='lat'><em>0²,</em></span> <span class='ocrx_word' id='word_1_183' title='bbox 1781 1184 1889 1215; x_wconf 86' lang='lat' dir='ltr'>nobile</span> <span class='ocrx_word' id='word_1_184' title='bbox 1914 1183 1973 1226; x_wconf 73' lang='lat'>04)</span> <span class='ocrx_word' id='word_1_185' title='bbox 1995 1183 2041 1215; x_wconf 78' lang='lat'>0³</span> 
     </span>
     <span class='ocr_line' id='line_1_23' title="bbox 699 1236 2041 1279; baseline -0.004 -7"><span class='ocrx_word' id='word_1_186' title='bbox 699 1253 767 1272; x_wconf 72' lang='lat' dir='ltr'>mm</span> <span class='ocrx_word' id='word_1_187' title='bbox 788 1242 815 1272; x_wconf 70' lang='lat' dir='ltr'>(J</span> <span class='ocrx_word' id='word_1_188' title='bbox 824 1242 872 1271; x_wconf 74' lang='lat'><strong>²·4:</strong></span> <span class='ocrx_word' id='word_1_189' title='bbox 897 1241 1058 1278; x_wconf 73' lang='lat' dir='ltr'>librarius,</span> <span class='ocrx_word' id='word_1_190' title='bbox 1082 1251 1170 1279; x_wconf 70' lang='lat' dir='ltr'>quem</span> <span class='ocrx_word' id='word_1_191' title='bbox 1188 1240 1319 1278; x_wconf 74' lang='lat' dir='ltr'>offendit</span> <span class='ocrx_word' id='word_1_192' title='bbox 1340 1239 1535 1279; x_wconf 67' lang='lat' dir='ltr'>cymiterium</span> <span class='ocrx_word' id='word_1_193' title='bbox 1552 1238 1676 1269; x_wconf 74' lang='lat' dir='ltr'>nominc</span> <span class='ocrx_word' id='word_1_194' title='bbox 1692 1247 1811 1274; x_wconf 79' lang='lat' dir='ltr'>carens,</span> <span class='ocrx_word' id='word_1_195' title='bbox 1828 1236 1929 1267; x_wconf 76' lang='lat' dir='ltr'>Iocum</span> <span class='ocrx_word' id='word_1_196' title='bbox 1944 1236 2041 1266; x_wconf 59' lang='lat' dir='ltr'>‘inter-</span> 
     </span>
     <span class='ocr_line' id='line_1_24' title="bbox 694 1288 2042 1332; baseline -0.004 -9"><span class='ocrx_word' id='word_1_197' title='bbox 694 1293 814 1332; x_wconf 71' lang='lat' dir='ltr'>polaril</span> <span class='ocrx_word' id='word_1_198' title='bbox 841 1292 994 1323; x_wconf 70' lang='lat' dir='ltr'>adlu’bitis</span> <span class='ocrx_word' id='word_1_199' title='bbox 1020 1293 1114 1332; x_wconf 69' lang='lat' dir='ltr'>ycstis</span> <span class='ocrx_word' id='word_1_200' title='bbox 1150 1292 1267 1322; x_wconf 60' lang='lat' dir='ltr'>Liberti</span> <span class='ocrx_word' id='word_1_201' title='bbox 1290 1292 1461 1331; x_wconf 69' lang='lat' dir='ltr'>((&#39;ouslaazt</span> <span class='ocrx_word' id='word_1_202' title='bbox 1484 1301 1550 1330; x_wconf 72' lang='lat' dir='ltr'>epp.</span> <span class='ocrx_word' id='word_1_203' title='bbox 1576 1290 1664 1321; x_wconf 80' lang='lat' dir='ltr'>Rom.</span> <span class='ocrx_word' id='word_1_204' title='bbox 1684 1288 1800 1328; x_wconf 75' lang='lat' dir='ltr'>pontif.</span> <span class='ocrx_word' id='word_1_205' title='bbox 1824 1299 1898 1327; x_wconf 73' lang='lat' dir='ltr'>app.</span> <span class='ocrx_word' id='word_1_206' title='bbox 1916 1298 1950 1326; x_wconf 75' lang='lat' dir='ltr'>p.</span> <span class='ocrx_word' id='word_1_207' title='bbox 1969 1288 2042 1328; x_wconf 76' lang='lat'><em>!)1):</em></span> 
     </span>
     <span class='ocr_line' id='line_1_25' title="bbox 699 1339 2041 1385; baseline -0.004 -9"><span class='ocrx_word' id='word_1_208' title='bbox 699 1345 868 1376; x_wconf 87' lang='lat' dir='ltr'>habitabat</span> <span class='ocrx_word' id='word_1_209' title='bbox 891 1345 932 1375; x_wconf 85' lang='lat' dir='ltr'>ab</span> <span class='ocrx_word' id='word_1_210' title='bbox 956 1344 1035 1375; x_wconf 89' lang='lat' dir='ltr'>urbe</span> <span class='ocrx_word' id='word_1_211' title='bbox 1059 1344 1164 1375; x_wconf 83' lang='lat' dir='ltr'>Roma</span> <span class='ocrx_word' id='word_1_212' title='bbox 1187 1343 1324 1375; x_wconf 87' lang='lat' dir='ltr'>miliario</span> <span class='ocrx_word' id='word_1_213' title='bbox 1341 1343 1392 1374; x_wconf 85' lang='grc' dir='ltr'>ΙΙΙ</span> <span class='ocrx_word' id='word_1_214' title='bbox 1416 1343 1507 1385; x_wconf 80' lang='lat' dir='ltr'>quasi</span> <span class='ocrx_word' id='word_1_215' title='bbox 1531 1343 1606 1373; x_wconf 81' lang='lat' dir='ltr'>exul</span> <span class='ocrx_word' id='word_1_216' title='bbox 1629 1342 1662 1372; x_wconf 91' lang='lat' dir='ltr'>in</span> <span class='ocrx_word' id='word_1_217' title='bbox 1686 1340 1881 1372; x_wconf 90' lang='lat' dir='ltr'>coemeterio</span> <span class='ocrx_word' id='word_1_218' title='bbox 1905 1339 2041 1370; x_wconf 88' lang='lat' dir='ltr'>Noellae</span> 
     </span>
     <span class='ocr_line' id='line_1_26' title="bbox 698 1396 906 1428; baseline -0.005 0"><span class='ocrx_word' id='word_1_219' title='bbox 698 1398 749 1428; x_wconf 86' lang='lat' dir='ltr'>via</span> <span class='ocrx_word' id='word_1_220' title='bbox 774 1396 906 1428; x_wconf 87' lang='lat' dir='ltr'>Salaria.</span> 
     </span>
    </p>

    <p class='ocr_par' dir='ltr' id='par_1_14' title="bbox 569 1452 1011 1493">
     <span class='ocr_line' id='line_1_27' title="bbox 569 1452 1011 1493; baseline -0.002 -9"><span class='ocrx_word' id='word_1_221' title='bbox 569 1456 619 1493; x_wconf 70' lang='lat'>47,</span> <span class='ocrx_word' id='word_1_222' title='bbox 639 1467 648 1484; x_wconf 90' lang='lat'>1</span> <span class='ocrx_word' id='word_1_223' title='bbox 672 1464 714 1485; x_wconf 87' lang='lat' dir='ltr'>m.</span> <span class='ocrx_word' id='word_1_224' title='bbox 732 1464 753 1483; x_wconf 84' lang='lat' dir='ltr'>x</span> <span class='ocrx_word' id='word_1_225' title='bbox 778 1452 808 1484; x_wconf 90' lang='lat' dir='ltr'>d.</span> <span class='ocrx_word' id='word_1_226' title='bbox 824 1453 858 1483; x_wconf 79' lang='lat' dir='ltr'>xi</span> <span class='ocrx_word' id='word_1_227' title='bbox 882 1462 938 1483; x_wconf 86' lang='lat' dir='ltr'>om.</span> <span class='ocrx_word' id='word_1_228' title='bbox 958 1452 1011 1484; x_wconf 78' lang='lat'><em>0³.</em></span> 
     </span>
    </p>

    <p class='ocr_par' dir='ltr' id='par_1_15' title="bbox 569 1504 2045 1658">
     <span class='ocr_line' id='line_1_28' title="bbox 569 1504 2044 1549; baseline -0.004 -9"><span class='ocrx_word' id='word_1_229' title='bbox 569 1512 619 1549; x_wconf 68' lang='lat'>50,</span> <span class='ocrx_word' id='word_1_230' title='bbox 637 1522 648 1540; x_wconf 78' lang='lat'>2</span> <span class='ocrx_word' id='word_1_231' title='bbox 672 1512 706 1540; x_wconf 92' lang='lat' dir='ltr'>ut</span> <span class='ocrx_word' id='word_1_232' title='bbox 731 1509 881 1539; x_wconf 82' lang='lat' dir='ltr'>diacones</span> <span class='ocrx_word' id='word_1_233' title='bbox 899 1508 1077 1539; x_wconf 84' lang='lat' dir='ltr'>dalmaticis</span> <span class='ocrx_word' id='word_1_234' title='bbox 1098 1510 1265 1539; x_wconf 87' lang='lat' dir='ltr'>uterentur</span> <span class='ocrx_word' id='word_1_235' title='bbox 1290 1508 1336 1549; x_wconf 85' lang='lat' dir='ltr'>(et</span> <span class='ocrx_word' id='word_1_236' title='bbox 1359 1508 1466 1549; x_wconf 87' lang='lat' dir='ltr'>pallea</span> <span class='ocrx_word' id='word_1_237' title='bbox 1488 1508 1507 1538; x_wconf 94' lang='grc'>1.</span> <span class='ocrx_word' id='word_1_238' title='bbox 1534 1508 1555 1538; x_wconf 92' lang='lat' dir='ltr'>l.</span> <span class='ocrx_word' id='word_1_239' title='bbox 1579 1517 1690 1538; x_wconf 89' lang='lat' dir='ltr'>eorum</span> <span class='ocrx_word' id='word_1_240' title='bbox 1714 1504 1914 1547; x_wconf 87' lang='lat' dir='ltr'>tegerentur)</span> <span class='ocrx_word' id='word_1_241' title='bbox 1941 1504 2044 1535; x_wconf 75' lang='lat' dir='ltr'>omisit</span> 
     </span>
     <span class='ocr_line' id='line_1_29' title="bbox 700 1561 2045 1605; baseline -0.003 -10"><span class='ocrx_word' id='word_1_242' title='bbox 700 1565 792 1595; x_wconf 74' lang='lat' dir='ltr'>verba</span> <span class='ocrx_word' id='word_1_243' title='bbox 818 1565 828 1605; x_wconf 92' lang='lat'>(</span> <span class='ocrx_word' id='word_1_244' title='bbox 851 1564 861 1605; x_wconf 89' lang='lat'>)</span> <span class='ocrx_word' id='word_1_245' title='bbox 887 1564 1107 1605; x_wconf 71' lang='lat' dir='ltr'>comprehensa</span> <span class='ocrx_word' id='word_1_246' title='bbox 1127 1564 1155 1595; x_wconf 91' lang='lat'><em>0</em></span> <span class='ocrx_word' id='word_1_247' title='bbox 1161 1565 1182 1602; x_wconf 78' lang='lat'>³,</span> <span class='ocrx_word' id='word_1_248' title='bbox 1212 1564 1326 1595; x_wconf 77' lang='lat' dir='ltr'>habent</span> <span class='ocrx_word' id='word_1_249' title='bbox 1354 1564 1379 1595; x_wconf 92' lang='lat'><em>0</em></span> <span class='ocrx_word' id='word_1_250' title='bbox 1386 1564 1463 1601; x_wconf 55' lang='lat'><strong>²4¹⁵,</strong></span> <span class='ocrx_word' id='word_1_251' title='bbox 1494 1563 1548 1594; x_wconf 67' lang='lat' dir='ltr'>sed</span> <span class='ocrx_word' id='word_1_252' title='bbox 1573 1565 1668 1602; x_wconf 74' lang='lat' dir='ltr'>parte</span> <span class='ocrx_word' id='word_1_253' title='bbox 1697 1561 1814 1593; x_wconf 75' lang='lat' dir='ltr'>erroris</span> <span class='ocrx_word' id='word_1_254' title='bbox 1844 1563 1960 1592; x_wconf 72' lang='lat' dir='ltr'>retento</span> <span class='ocrx_word' id='word_1_255' title='bbox 1983 1570 2045 1599; x_wconf 72' lang='lat' dir='ltr'>pro</span> 
     </span>
     <span class='ocr_line' id='line_1_30' title="bbox 701 1619 1254 1658; baseline -0.002 -10"><span class='ocrx_word' id='word_1_256' title='bbox 701 1620 887 1658; x_wconf 82' lang='lat' dir='ltr'>tegerentur</span> <span class='ocrx_word' id='word_1_257' title='bbox 910 1619 1055 1656; x_wconf 71' lang='lat' dir='ltr'>repetunt</span> <span class='ocrx_word' id='word_1_258' title='bbox 1077 1619 1254 1648; x_wconf 87' lang='lat' dir='ltr'>uterentur.</span> 
     </span>
    </p>

    <p class='ocr_par' dir='ltr' id='par_1_16' title="bbox 569 1668 2043 1766">
     <span class='ocr_line' id='line_1_31' title="bbox 569 1668 2043 1715; baseline -0.004 -10"><span class='ocrx_word' id='word_1_259' title='bbox 569 1677 619 1705; x_wconf 77' lang='lat'>51.</span> <span class='ocrx_word' id='word_1_260' title='bbox 637 1686 648 1705; x_wconf 80' lang='lat' dir='ltr'>s</span> <span class='ocrx_word' id='word_1_261' title='bbox 672 1673 697 1704; x_wconf 89' lang='lat' dir='ltr'>si</span> <span class='ocrx_word' id='word_1_262' title='bbox 722 1673 791 1715; x_wconf 90' lang='lat' dir='ltr'>quis</span> <span class='ocrx_word' id='word_1_263' title='bbox 821 1673 1020 1704; x_wconf 81' lang='lat' dir='ltr'>desideraret</span> <span class='ocrx_word' id='word_1_264' title='bbox 1048 1673 1080 1703; x_wconf 92' lang='lat' dir='ltr'>in</span> <span class='ocrx_word' id='word_1_265' title='bbox 1112 1672 1249 1704; x_wconf 84' lang='lat' dir='ltr'>ecclesia</span> <span class='ocrx_word' id='word_1_266' title='bbox 1286 1671 1423 1702; x_wconf 89' lang='lat' dir='ltr'>militare</span> <span class='ocrx_word' id='word_1_267' title='bbox 1459 1673 1515 1702; x_wconf 85' lang='lat' dir='ltr'>aut</span> <span class='ocrx_word' id='word_1_268' title='bbox 1542 1668 1710 1712; x_wconf 88' lang='lat' dir='ltr'>proficere]</span> <span class='ocrx_word' id='word_1_269' title='bbox 1734 1669 1760 1700; x_wconf 87' lang='lat' dir='ltr'>si</span> <span class='ocrx_word' id='word_1_270' title='bbox 1790 1669 1859 1711; x_wconf 87' lang='lat' dir='ltr'>quis</span> <span class='ocrx_word' id='word_1_271' title='bbox 1888 1668 2043 1710; x_wconf 90' lang='lat' dir='ltr'>proficere</span> 
     </span>
     <span class='ocr_line' id='line_1_32' title="bbox 703 1722 1594 1766; baseline -0.002 -10"><span class='ocrx_word' id='word_1_272' title='bbox 703 1725 903 1756; x_wconf 84' lang='lat' dir='ltr'>desideraret</span> <span class='ocrx_word' id='word_1_273' title='bbox 925 1725 956 1756; x_wconf 89' lang='lat' dir='ltr'>in</span> <span class='ocrx_word' id='word_1_274' title='bbox 980 1735 1007 1756; x_wconf 91' lang='lat' dir='ltr'>e.</span> <span class='ocrx_word' id='word_1_275' title='bbox 1033 1735 1074 1756; x_wconf 87' lang='lat' dir='ltr'>m.</span> <span class='ocrx_word' id='word_1_276' title='bbox 1099 1727 1154 1755; x_wconf 86' lang='lat' dir='ltr'>aut</span> <span class='ocrx_word' id='word_1_277' title='bbox 1176 1724 1333 1766; x_wconf 87' lang='lat' dir='ltr'>proficere</span> <span class='ocrx_word' id='word_1_278' title='bbox 1355 1722 1398 1755; x_wconf 84' lang='lat'><em>0³</em></span> <span class='ocrx_word' id='word_1_279' title='bbox 1422 1733 1493 1754; x_wconf 79' lang='lat' dir='ltr'>cum</span> <span class='ocrx_word' id='word_1_280' title='bbox 1513 1722 1594 1755; x_wconf 78' lang='lat'><em>0²·4.</em></span> 
     </span>
    </p>

    <p class='ocr_par' dir='ltr' id='par_1_17' title="bbox 571 1780 1231 1823">
     <span class='ocr_line' id='line_1_33' title="bbox 571 1780 1231 1823; baseline 0.002 -12"><span class='ocrx_word' id='word_1_281' title='bbox 571 1784 622 1821; x_wconf 74' lang='grc'><strong>6-1,</strong></span> <span class='ocrx_word' id='word_1_282' title='bbox 639 1794 650 1811; x_wconf 70' lang='lat' dir='ltr'>s</span> <span class='ocrx_word' id='word_1_283' title='bbox 673 1781 705 1812; x_wconf 88' lang='lat' dir='ltr'>ui</span> <span class='ocrx_word' id='word_1_284' title='bbox 728 1780 821 1823; x_wconf 71' lang='lat' dir='ltr'>nixis]</span> <span class='ocrx_word' id='word_1_285' title='bbox 845 1781 927 1812; x_wconf 72' lang='lat' dir='ltr'>nixis</span> <span class='ocrx_word' id='word_1_286' title='bbox 948 1780 991 1813; x_wconf 81' lang='lat'><em>0³</em></span> <span class='ocrx_word' id='word_1_287' title='bbox 1016 1792 1087 1812; x_wconf 81' lang='lat' dir='ltr'>cum</span> <span class='ocrx_word' id='word_1_288' title='bbox 1106 1780 1231 1812; x_wconf 73' lang='lat'><em>0²1³·4·⁵.</em></span> 
     </span>
    </p>

    <p class='ocr_par' dir='ltr' id='par_1_18' title="bbox 556 1835 1400 1877">
     <span class='ocr_line' id='line_1_34' title="bbox 556 1835 1400 1877; baseline -0.002 -9"><span class='ocrx_word' id='word_1_289' title='bbox 556 1840 621 1877; x_wconf 82' lang='grc'><strong>104,</strong></span> <span class='ocrx_word' id='word_1_290' title='bbox 640 1850 662 1868; x_wconf 82' lang='lat'>17</span> <span class='ocrx_word' id='word_1_291' title='bbox 688 1837 766 1868; x_wconf 91' lang='lat' dir='ltr'>duas</span> <span class='ocrx_word' id='word_1_292' title='bbox 790 1837 943 1868; x_wconf 86' lang='lat' dir='ltr'>basilicae</span> <span class='ocrx_word' id='word_1_293' title='bbox 968 1837 1243 1869; x_wconf 83' lang='lat' dir='ltr'>constantinianae</span> <span class='ocrx_word' id='word_1_294' title='bbox 1268 1846 1324 1866; x_wconf 83' lang='lat' dir='ltr'>om.</span> <span class='ocrx_word' id='word_1_295' title='bbox 1345 1835 1400 1867; x_wconf 80' lang='lat'>0³.</span> 
     </span>
    </p>
   </div>
   <div class='ocr_carea' id='block_1_9' title="bbox 396 1891 2050 2869">
    <p class='ocr_par' dir='ltr' id='par_1_19' title="bbox 396 1891 2050 2869">
     <span class='ocr_line' id='line_1_35' title="bbox 501 1891 2046 1939; baseline -0.005 -10"><span class='ocrx_word' id='word_1_296' title='bbox 501 1898 772 1939; x_wconf 70' lang='lat' dir='ltr'>Guelferbytanus</span> <span class='ocrx_word' id='word_1_297' title='bbox 797 1898 1005 1939; x_wconf 85' lang='lat' dir='ltr'>Augustanus</span> <span class='ocrx_word' id='word_1_298' title='bbox 1023 1898 1133 1934; x_wconf 86' lang='lat' dir='ltr'>Quart.</span> <span class='ocrx_word' id='word_1_299' title='bbox 1158 1900 1201 1928; x_wconf 84' lang='lat'>10.</span> <span class='ocrx_word' id='word_1_300' title='bbox 1226 1899 1257 1928; x_wconf 83' lang='lat'>11</span> <span class='ocrx_word' id='word_1_301' title='bbox 1285 1906 1369 1927; x_wconf 84' lang='lat' dir='ltr'>saec.</span> <span class='ocrx_word' id='word_1_302' title='bbox 1388 1895 1437 1926; x_wconf 83' lang='lat' dir='ltr'>IX</span> <span class='ocrx_word' id='word_1_303' title='bbox 1461 1895 1579 1936; x_wconf 90' lang='lat' dir='ltr'>(Duch.</span> <span class='ocrx_word' id='word_1_304' title='bbox 1603 1905 1634 1935; x_wconf 90' lang='lat' dir='ltr'>p.</span> <span class='ocrx_word' id='word_1_305' title='bbox 1655 1892 1753 1925; x_wconf 78' lang='lat' dir='ltr'>CXC.</span> <span class='ocrx_word' id='word_1_306' title='bbox 1779 1891 1926 1934; x_wconf 83' lang='lat' dir='ltr'>CXCII),</span> <span class='ocrx_word' id='word_1_307' title='bbox 1950 1895 2046 1923; x_wconf 84' lang='lat' dir='ltr'>antea</span> 
     </span>
     <span class='ocr_line' id='line_1_36' title="bbox 396 1943 2044 1991; baseline -0.005 -9"><span class='ocrx_word' id='word_1_308' title='bbox 396 1951 546 1983; x_wconf 79' lang='lat' dir='ltr'>abbatiae</span> <span class='ocrx_word' id='word_1_309' title='bbox 565 1951 664 1981; x_wconf 87' lang='lat' dir='ltr'>sancti</span> <span class='ocrx_word' id='word_1_310' title='bbox 682 1950 771 1981; x_wconf 83' lang='lat' dir='ltr'>l’etri</span> <span class='ocrx_word' id='word_1_311' title='bbox 787 1950 1118 1991; x_wconf 67' lang='lat' dir='ltr'>VVeissenburgensis.</span> <span class='ocrx_word' id='word_1_312' title='bbox 1165 1949 1274 1980; x_wconf 84' lang='lat' dir='ltr'>Prima</span> <span class='ocrx_word' id='word_1_313' title='bbox 1290 1958 1403 1979; x_wconf 88' lang='lat' dir='ltr'>manus</span> <span class='ocrx_word' id='word_1_314' title='bbox 1419 1946 1560 1978; x_wconf 87' lang='lat' dir='ltr'>substitit</span> <span class='ocrx_word' id='word_1_315' title='bbox 1582 1946 1614 1976; x_wconf 90' lang='lat' dir='ltr'>in</span> <span class='ocrx_word' id='word_1_316' title='bbox 1638 1945 1804 1987; x_wconf 85' lang='lat' dir='ltr'>Stephano</span> <span class='ocrx_word' id='word_1_317' title='bbox 1822 1944 1871 1979; x_wconf 71' lang='lat'>112</span> <span class='ocrx_word' id='word_1_318' title='bbox 1905 1943 2044 1975; x_wconf 81' lang='lat' dir='ltr'>secunda</span> 
     </span>
     <span class='ocr_line' id='line_1_37' title="bbox 397 1996 2045 2044; baseline -0.005 -10"><span class='ocrx_word' id='word_1_319' title='bbox 397 2008 429 2034; x_wconf 90' lang='lat' dir='ltr'>et</span> <span class='ocrx_word' id='word_1_320' title='bbox 458 2004 527 2044; x_wconf 88' lang='lat' dir='ltr'>ipsa</span> <span class='ocrx_word' id='word_1_321' title='bbox 559 2003 677 2033; x_wconf 86' lang='lat' dir='ltr'>saeculi</span> <span class='ocrx_word' id='word_1_322' title='bbox 702 2002 751 2033; x_wconf 84' lang='lat' dir='ltr'>IX</span> <span class='ocrx_word' id='word_1_323' title='bbox 781 2002 897 2033; x_wconf 88' lang='lat' dir='ltr'>adiecit</span> <span class='ocrx_word' id='word_1_324' title='bbox 920 2003 1001 2033; x_wconf 86' lang='lat' dir='ltr'>vitas</span> <span class='ocrx_word' id='word_1_325' title='bbox 1024 2002 1119 2033; x_wconf 89' lang='lat' dir='ltr'>Pauli</span> <span class='ocrx_word' id='word_1_326' title='bbox 1142 2001 1158 2032; x_wconf 93' lang='lat' dir='ltr'>I</span> <span class='ocrx_word' id='word_1_327' title='bbox 1187 2004 1219 2032; x_wconf 88' lang='lat' dir='ltr'>et</span> <span class='ocrx_word' id='word_1_328' title='bbox 1250 1999 1407 2042; x_wconf 82' lang='lat' dir='ltr'>Stephani</span> <span class='ocrx_word' id='word_1_329' title='bbox 1429 1999 1480 2030; x_wconf 91' lang='lat' dir='ltr'>III</span> <span class='ocrx_word' id='word_1_330' title='bbox 1513 2008 1613 2039; x_wconf 91' lang='lat' dir='ltr'>usque</span> <span class='ocrx_word' id='word_1_331' title='bbox 1643 1997 1684 2028; x_wconf 88' lang='lat' dir='ltr'>ad</span> <span class='ocrx_word' id='word_1_332' title='bbox 1708 1997 1808 2028; x_wconf 88' lang='lat' dir='ltr'>verba</span> <span class='ocrx_word' id='word_1_333' title='bbox 1832 2006 1881 2036; x_wconf 86' lang='lat' dir='ltr'>ea,</span> <span class='ocrx_word' id='word_1_334' title='bbox 1905 1996 1937 2026; x_wconf 90' lang='lat' dir='ltr'>in</span> <span class='ocrx_word' id='word_1_335' title='bbox 1963 2006 2045 2037; x_wconf 90' lang='lat' dir='ltr'>quae</span> 
     </span>
     <span class='ocr_line' id='line_1_38' title="bbox 398 2048 2048 2095; baseline -0.005 -8"><span class='ocrx_word' id='word_1_336' title='bbox 398 2055 514 2087; x_wconf 86' lang='lat' dir='ltr'>desinit</span> <span class='ocrx_word' id='word_1_337' title='bbox 538 2055 642 2085; x_wconf 78' lang='lat' dir='ltr'>codex</span> <span class='ocrx_word' id='word_1_338' title='bbox 667 2054 866 2085; x_wconf 84' lang='lat' dir='ltr'>Coloniensis</span> <span class='ocrx_word' id='word_1_339' title='bbox 882 2054 940 2087; x_wconf 76' lang='lat'>13³.</span> <span class='ocrx_word' id='word_1_340' title='bbox 988 2055 1077 2085; x_wconf 85' lang='lat' dir='ltr'>Inter</span> <span class='ocrx_word' id='word_1_341' title='bbox 1101 2054 1254 2095; x_wconf 85' lang='lat' dir='ltr'>epistulas</span> <span class='ocrx_word' id='word_1_342' title='bbox 1279 2055 1312 2083; x_wconf 90' lang='lat' dir='ltr'>et</span> <span class='ocrx_word' id='word_1_343' title='bbox 1334 2052 1416 2083; x_wconf 83' lang='lat' dir='ltr'>vitas</span> <span class='ocrx_word' id='word_1_344' title='bbox 1440 2050 1647 2092; x_wconf 84' lang='lat' dir='ltr'>interpositus</span> <span class='ocrx_word' id='word_1_345' title='bbox 1678 2048 1777 2080; x_wconf 79' lang='lat' dir='ltr'>index</span> <span class='ocrx_word' id='word_1_346' title='bbox 1799 2058 1955 2090; x_wconf 80' lang='lat' dir='ltr'>paparum</span> <span class='ocrx_word' id='word_1_347' title='bbox 1979 2048 2048 2078; x_wconf 88' lang='lat' dir='ltr'>finit</span> 
     </span>
     <span class='ocr_line' id='line_1_39' title="bbox 396 2099 2046 2148; baseline -0.005 -10"><span class='ocrx_word' id='word_1_348' title='bbox 396 2110 427 2139; x_wconf 89' lang='lat' dir='ltr'>in</span> <span class='ocrx_word' id='word_1_349' title='bbox 454 2107 564 2138; x_wconf 86' lang='lat' dir='ltr'>Leone</span> <span class='ocrx_word' id='word_1_350' title='bbox 590 2106 640 2137; x_wconf 89' lang='lat' dir='ltr'>III</span> <span class='ocrx_word' id='word_1_351' title='bbox 665 2106 881 2147; x_wconf 62' lang='lat' dir='ltr'>(wo-816),</span> <span class='ocrx_word' id='word_1_352' title='bbox 914 2107 972 2137; x_wconf 87' lang='lat' dir='ltr'>sub</span> <span class='ocrx_word' id='word_1_353' title='bbox 1003 2116 1065 2148; x_wconf 92' lang='lat' dir='ltr'>quo</span> <span class='ocrx_word' id='word_1_354' title='bbox 1096 2105 1240 2136; x_wconf 86' lang='lat' dir='ltr'>codicem</span> <span class='ocrx_word' id='word_1_355' title='bbox 1268 2105 1420 2146; x_wconf 86' lang='lat' dir='ltr'>seriptum</span> <span class='ocrx_word' id='word_1_356' title='bbox 1449 2112 1518 2133; x_wconf 89' lang='lat' dir='ltr'>esse</span> <span class='ocrx_word' id='word_1_357' title='bbox 1548 2101 1716 2143; x_wconf 90' lang='lat' dir='ltr'>probabile</span> <span class='ocrx_word' id='word_1_358' title='bbox 1747 2103 1869 2132; x_wconf 56' lang='lat' dir='ltr'>esu-</span> <span class='ocrx_word' id='word_1_359' title='bbox 1894 2099 2046 2131; x_wconf 89' lang='lat' dir='ltr'>Codicem</span> 
     </span>
     <span class='ocr_line' id='line_1_40' title="bbox 398 2151 2046 2201; baseline -0.005 -11"><span class='ocrx_word' id='word_1_360' title='bbox 398 2160 451 2201; x_wconf 91' lang='lat' dir='ltr'>qui</span> <span class='ocrx_word' id='word_1_361' title='bbox 475 2159 602 2200; x_wconf 82' lang='lat' dir='ltr'>scripsit</span> <span class='ocrx_word' id='word_1_362' title='bbox 625 2169 717 2189; x_wconf 82' lang='lat' dir='ltr'>usum</span> <span class='ocrx_word' id='word_1_363' title='bbox 742 2169 813 2189; x_wconf 90' lang='lat' dir='ltr'>esse</span> <span class='ocrx_word' id='word_1_364' title='bbox 837 2159 1021 2200; x_wconf 70' lang='lat' dir='ltr'>archetypis</span> <span class='ocrx_word' id='word_1_365' title='bbox 1046 2158 1180 2196; x_wconf 91' lang='lat' dir='ltr'>duobus,</span> <span class='ocrx_word' id='word_1_366' title='bbox 1205 2158 1306 2188; x_wconf 87' lang='lat' dir='ltr'>altero</span> <span class='ocrx_word' id='word_1_367' title='bbox 1330 2155 1431 2187; x_wconf 88' lang='lat' dir='ltr'>nostri</span> <span class='ocrx_word' id='word_1_368' title='bbox 1450 2154 1494 2186; x_wconf 80' lang='lat'>03</span> <span class='ocrx_word' id='word_1_369' title='bbox 1519 2154 1675 2196; x_wconf 78' lang='lat' dir='ltr'>gemello,</span> <span class='ocrx_word' id='word_1_370' title='bbox 1707 2156 1743 2184; x_wconf 90' lang='lat' dir='ltr'>ut</span> <span class='ocrx_word' id='word_1_371' title='bbox 1767 2151 1940 2183; x_wconf 88' lang='lat' dir='ltr'>ostendunt</span> <span class='ocrx_word' id='word_1_372' title='bbox 1965 2162 2046 2193; x_wconf 82' lang='lat' dir='ltr'>quae</span> 
     </span>
     <span class='ocr_line' id='line_1_41' title="bbox 397 2203 2048 2250; baseline -0.005 -9"><span class='ocrx_word' id='word_1_373' title='bbox 397 2212 438 2242; x_wconf 83' lang='lat' dir='ltr'>ad</span> <span class='ocrx_word' id='word_1_374' title='bbox 463 2222 534 2242; x_wconf 85' lang='lat' dir='ltr'>eum</span> <span class='ocrx_word' id='word_1_375' title='bbox 559 2210 737 2250; x_wconf 76' lang='lat' dir='ltr'>attulimus,</span> <span class='ocrx_word' id='word_1_376' title='bbox 769 2210 870 2241; x_wconf 84' lang='lat' dir='ltr'>altero</span> <span class='ocrx_word' id='word_1_377' title='bbox 888 2210 936 2241; x_wconf 69' lang='lat'>13³</span> <span class='ocrx_word' id='word_1_378' title='bbox 960 2213 1015 2241; x_wconf 89' lang='lat' dir='ltr'>aut</span> <span class='ocrx_word' id='word_1_379' title='bbox 1039 2210 1107 2241; x_wconf 89' lang='lat' dir='ltr'>eius</span> <span class='ocrx_word' id='word_1_380' title='bbox 1132 2209 1271 2250; x_wconf 85' lang='lat' dir='ltr'>gemello</span> <span class='ocrx_word' id='word_1_381' title='bbox 1296 2208 1401 2250; x_wconf 86' lang='lat' dir='ltr'>spatia</span> <span class='ocrx_word' id='word_1_382' title='bbox 1425 2206 1615 2249; x_wconf 87' lang='lat' dir='ltr'>praesertim</span> <span class='ocrx_word' id='word_1_383' title='bbox 1640 2205 1884 2247; x_wconf 83' lang='lat' dir='ltr'>episcopatuum</span> <span class='ocrx_word' id='word_1_384' title='bbox 1909 2204 1964 2244; x_wconf 85' lang='lat' dir='ltr'>(ex</span> <span class='ocrx_word' id='word_1_385' title='bbox 1988 2203 2048 2234; x_wconf 89' lang='grc'><strong>1100</strong></span> 
     </span>
     <span class='ocr_line' id='line_1_42' title="bbox 398 2255 2045 2304; baseline -0.005 -11"><span class='ocrx_word' id='word_1_386' title='bbox 398 2264 478 2294; x_wconf 90' lang='lat' dir='ltr'>libro</span> <span class='ocrx_word' id='word_1_387' title='bbox 502 2263 598 2304; x_wconf 85' lang='lat' dir='ltr'>plene</span> <span class='ocrx_word' id='word_1_388' title='bbox 629 2263 731 2293; x_wconf 83' lang='lat' dir='ltr'>relata</span> <span class='ocrx_word' id='word_1_389' title='bbox 763 2272 860 2303; x_wconf 86' lang='lat' dir='ltr'>supra</span> <span class='ocrx_word' id='word_1_390' title='bbox 890 2273 919 2303; x_wconf 91' lang='lat' dir='ltr'>p.</span> <span class='ocrx_word' id='word_1_391' title='bbox 938 2261 1050 2292; x_wconf 82' lang='lat' dir='ltr'>XLIII</span> <span class='ocrx_word' id='word_1_392' title='bbox 1064 2260 1147 2302; x_wconf 83' lang='lat' dir='ltr'>seq.)</span> <span class='ocrx_word' id='word_1_393' title='bbox 1172 2260 1351 2292; x_wconf 87' lang='lat' dir='ltr'>luculenter</span> <span class='ocrx_word' id='word_1_394' title='bbox 1375 2259 1549 2290; x_wconf 87' lang='lat' dir='ltr'>declarant.</span> <span class='ocrx_word' id='word_1_395' title='bbox 1602 2256 1731 2288; x_wconf 82' lang='lat' dir='ltr'>Scilicet</span> <span class='ocrx_word' id='word_1_396' title='bbox 1754 2259 1790 2287; x_wconf 83' lang='lat' dir='ltr'>ut</span> <span class='ocrx_word' id='word_1_397' title='bbox 1811 2256 1843 2286; x_wconf 90' lang='lat' dir='ltr'>in</span> <span class='ocrx_word' id='word_1_398' title='bbox 1867 2256 1936 2297; x_wconf 90' lang='lat' dir='ltr'>ipso</span> <span class='ocrx_word' id='word_1_399' title='bbox 1961 2255 2045 2297; x_wconf 87' lang='lat' dir='ltr'>prin-</span> 
     </span>
     <span class='ocr_line' id='line_1_43' title="bbox 399 2307 2047 2356; baseline -0.005 -11"><span class='ocrx_word' id='word_1_400' title='bbox 399 2316 480 2356; x_wconf 86' lang='lat' dir='ltr'>cipio</span> <span class='ocrx_word' id='word_1_401' title='bbox 505 2314 594 2345; x_wconf 87' lang='lat' dir='ltr'>Petri</span> <span class='ocrx_word' id='word_1_402' title='bbox 619 2313 686 2345; x_wconf 81' lang='lat' dir='ltr'>dies</span> <span class='ocrx_word' id='word_1_403' title='bbox 711 2314 786 2345; x_wconf 89' lang='lat' dir='ltr'>fecit</span> <span class='ocrx_word' id='word_1_404' title='bbox 802 2314 864 2345; x_wconf 88' lang='lat' dir='ltr'>III</span> <span class='ocrx_word' id='word_1_405' title='bbox 879 2313 976 2355; x_wconf 83' lang='lat' dir='ltr'>(quae</span> <span class='ocrx_word' id='word_1_406' title='bbox 1002 2316 1051 2344; x_wconf 89' lang='lat' dir='ltr'>est</span> <span class='ocrx_word' id='word_1_407' title='bbox 1073 2313 1168 2344; x_wconf 90' lang='lat' dir='ltr'>lectio</span> <span class='ocrx_word' id='word_1_408' title='bbox 1186 2311 1332 2353; x_wconf 84' lang='lat' dir='ltr'>vulgata)</span> <span class='ocrx_word' id='word_1_409' title='bbox 1356 2310 1402 2342; x_wconf 79' lang='lat' dir='ltr'>vcl</span> <span class='ocrx_word' id='word_1_410' title='bbox 1425 2309 1514 2341; x_wconf 88' lang='lat' dir='ltr'>VIII</span> <span class='ocrx_word' id='word_1_411' title='bbox 1526 2309 1624 2351; x_wconf 88' lang='lat' dir='ltr'>(quae</span> <span class='ocrx_word' id='word_1_412' title='bbox 1642 2312 1690 2340; x_wconf 86' lang='lat' dir='ltr'>est</span> <span class='ocrx_word' id='word_1_413' title='bbox 1705 2308 1800 2340; x_wconf 88' lang='lat' dir='ltr'>lectio</span> <span class='ocrx_word' id='word_1_414' title='bbox 1821 2307 1866 2339; x_wconf 80' lang='lat'><em>0³</em></span> <span class='ocrx_word' id='word_1_415' title='bbox 1883 2307 2047 2338; x_wconf 88' lang='lat' dir='ltr'>similium-</span> 
     </span>
     <span class='ocr_line' id='line_1_44' title="bbox 399 2359 2049 2408; baseline -0.005 -11"><span class='ocrx_word' id='word_1_416' title='bbox 399 2366 491 2408; x_wconf 77' lang='lat' dir='ltr'>que),</span> <span class='ocrx_word' id='word_1_417' title='bbox 526 2367 569 2397; x_wconf 85' lang='lat' dir='ltr'>ita</span> <span class='ocrx_word' id='word_1_418' title='bbox 603 2366 721 2407; x_wconf 80' lang='lat' dir='ltr'>passim</span> <span class='ocrx_word' id='word_1_419' title='bbox 753 2369 921 2407; x_wconf 87' lang='lat' dir='ltr'>utramque</span> <span class='ocrx_word' id='word_1_420' title='bbox 956 2365 1127 2396; x_wconf 89' lang='lat' dir='ltr'>lectionem</span> <span class='ocrx_word' id='word_1_421' title='bbox 1159 2364 1191 2395; x_wconf 91' lang='lat' dir='ltr'>in</span> <span class='ocrx_word' id='word_1_422' title='bbox 1220 2374 1258 2395; x_wconf 92' lang='lat' dir='ltr'>eo</span> <span class='ocrx_word' id='word_1_423' title='bbox 1289 2362 1577 2405; x_wconf 72' lang='lat' dir='ltr'>deprehendimus,</span> <span class='ocrx_word' id='word_1_424' title='bbox 1607 2361 1795 2403; x_wconf 88' lang='lat' dir='ltr'>plerumque</span> <span class='ocrx_word' id='word_1_425' title='bbox 1818 2360 1881 2399; x_wconf 75' lang='lat' dir='ltr'>ita,</span> <span class='ocrx_word' id='word_1_426' title='bbox 1905 2362 1940 2390; x_wconf 88' lang='lat' dir='ltr'>ut</span> <span class='ocrx_word' id='word_1_427' title='bbox 1963 2359 2049 2400; x_wconf 86' lang='lat' dir='ltr'>prior</span> 
     </span>
     <span class='ocr_line' id='line_1_45' title="bbox 400 2410 2047 2459; baseline -0.005 -10"><span class='ocrx_word' id='word_1_428' title='bbox 400 2419 555 2459; x_wconf 84' lang='lat' dir='ltr'>scriptura</span> <span class='ocrx_word' id='word_1_429' title='bbox 578 2417 659 2449; x_wconf 82' lang='lat' dir='ltr'>libro</span> <span class='ocrx_word' id='word_1_430' title='bbox 677 2418 722 2449; x_wconf 82' lang='lat'><em>0³</em></span> <span class='ocrx_word' id='word_1_431' title='bbox 739 2416 943 2459; x_wconf 69' lang='lat' dir='ltr'>respondeat,</span> <span class='ocrx_word' id='word_1_432' title='bbox 961 2417 1119 2458; x_wconf 84' lang='lat' dir='ltr'>posterior</span> <span class='ocrx_word' id='word_1_433' title='bbox 1135 2416 1237 2447; x_wconf 81' lang='lat' dir='ltr'>textui</span> <span class='ocrx_word' id='word_1_434' title='bbox 1255 2415 1388 2457; x_wconf 83' lang='lat' dir='ltr'>vulgari.</span> <span class='ocrx_word' id='word_1_435' title='bbox 1435 2414 1560 2445; x_wconf 90' lang='lat' dir='ltr'>Inutilis</span> <span class='ocrx_word' id='word_1_436' title='bbox 1585 2416 1693 2444; x_wconf 87' lang='lat' dir='ltr'>autem</span> <span class='ocrx_word' id='word_1_437' title='bbox 1718 2415 1766 2443; x_wconf 84' lang='lat' dir='ltr'>est</span> <span class='ocrx_word' id='word_1_438' title='bbox 1788 2414 1924 2453; x_wconf 86' lang='lat' dir='ltr'>utraque</span> <span class='ocrx_word' id='word_1_439' title='bbox 1949 2410 2047 2452; x_wconf 88' lang='lat' dir='ltr'>scrip-</span> 
     </span>
     <span class='ocr_line' id='line_1_46' title="bbox 400 2462 2048 2510; baseline -0.005 -10"><span class='ocrx_word' id='word_1_440' title='bbox 400 2477 480 2500; x_wconf 83' lang='lat' dir='ltr'>tura.</span> <span class='ocrx_word' id='word_1_441' title='bbox 506 2480 575 2499; x_wconf 87' lang='lat' dir='ltr'>cum</span> <span class='ocrx_word' id='word_1_442' title='bbox 600 2469 639 2500; x_wconf 89' lang='lat' dir='ltr'>ab</span> <span class='ocrx_word' id='word_1_443' title='bbox 665 2480 725 2499; x_wconf 88' lang='lat' dir='ltr'>una</span> <span class='ocrx_word' id='word_1_444' title='bbox 755 2472 846 2510; x_wconf 87' lang='lat' dir='ltr'>parte</span> <span class='ocrx_word' id='word_1_445' title='bbox 876 2469 926 2499; x_wconf 86' lang='lat' dir='ltr'>hic</span> <span class='ocrx_word' id='word_1_446' title='bbox 949 2469 1032 2499; x_wconf 88' lang='lat' dir='ltr'>liber</span> <span class='ocrx_word' id='word_1_447' title='bbox 1055 2469 1114 2499; x_wconf 83' lang='lat' dir='ltr'>etsi</span> <span class='ocrx_word' id='word_1_448' title='bbox 1139 2467 1328 2509; x_wconf 87' lang='lat' dir='ltr'>quibusdam</span> <span class='ocrx_word' id='word_1_449' title='bbox 1353 2467 1449 2505; x_wconf 83' lang='lat' dir='ltr'>locis,</span> <span class='ocrx_word' id='word_1_450' title='bbox 1473 2466 1528 2496; x_wconf 91' lang='lat' dir='ltr'>ubi</span> <span class='ocrx_word' id='word_1_451' title='bbox 1554 2464 1697 2506; x_wconf 88' lang='lat' dir='ltr'>pendere</span> <span class='ocrx_word' id='word_1_452' title='bbox 1721 2463 1848 2495; x_wconf 84' lang='lat' dir='ltr'>videtur</span> <span class='ocrx_word' id='word_1_453' title='bbox 1871 2463 1911 2494; x_wconf 83' lang='lat' dir='ltr'>ab</span> <span class='ocrx_word' id='word_1_454' title='bbox 1936 2462 2048 2493; x_wconf 88' lang='lat' dir='ltr'>arche-</span> 
     </span>
     <span class='ocr_line' id='line_1_47' title="bbox 401 2513 2050 2562; baseline -0.004 -11"><span class='ocrx_word' id='word_1_455' title='bbox 401 2529 477 2562; x_wconf 63' lang='lat' dir='ltr'>typo</span> <span class='ocrx_word' id='word_1_456' title='bbox 506 2532 604 2562; x_wconf 74' lang='lat' dir='ltr'>prope</span> <span class='ocrx_word' id='word_1_457' title='bbox 636 2520 811 2551; x_wconf 84' lang='lat' dir='ltr'>accedente</span> <span class='ocrx_word' id='word_1_458' title='bbox 844 2520 884 2551; x_wconf 91' lang='lat' dir='ltr'>ad</span> <span class='ocrx_word' id='word_1_459' title='bbox 904 2521 957 2559; x_wconf 67' lang='lat'>(3³,</span> <span class='ocrx_word' id='word_1_460' title='bbox 987 2520 1047 2551; x_wconf 91' lang='lat' dir='ltr'>hoc</span> <span class='ocrx_word' id='word_1_461' title='bbox 1077 2523 1219 2562; x_wconf 84' lang='lat' dir='ltr'>praestat</span> <span class='ocrx_word' id='word_1_462' title='bbox 1251 2519 1310 2560; x_wconf 75' lang='lat' dir='ltr'>(ita</span> <span class='ocrx_word' id='word_1_463' title='bbox 1333 2519 1438 2549; x_wconf 82' lang='lat' dir='ltr'>hiatus</span> <span class='ocrx_word' id='word_1_464' title='bbox 1469 2520 1576 2556; x_wconf 72' lang='lat'>104,1⁷</span> <span class='ocrx_word' id='word_1_465' title='bbox 1601 2516 1718 2548; x_wconf 86' lang='lat' dir='ltr'>codicis</span> <span class='ocrx_word' id='word_1_466' title='bbox 1740 2515 1786 2546; x_wconf 77' lang='lat'>0³</span> <span class='ocrx_word' id='word_1_467' title='bbox 1808 2525 1871 2546; x_wconf 92' lang='lat' dir='ltr'>non</span> <span class='ocrx_word' id='word_1_468' title='bbox 1903 2513 2050 2555; x_wconf 89' lang='lat' dir='ltr'>pervenit</span> 
     </span>
     <span class='ocr_line' id='line_1_48' title="bbox 402 2566 2048 2614; baseline -0.004 -12"><span class='ocrx_word' id='word_1_469' title='bbox 402 2573 442 2603; x_wconf 84' lang='lat' dir='ltr'>ad</span> <span class='ocrx_word' id='word_1_470' title='bbox 463 2572 516 2603; x_wconf 67' lang='lat'>0²:</span> <span class='ocrx_word' id='word_1_471' title='bbox 554 2575 618 2611; x_wconf 50' lang='grc'><strong>152,</strong></span> <span class='ocrx_word' id='word_1_472' title='bbox 638 2585 659 2603; x_wconf 64' lang='grc' dir='ltr'>ιε.</span> <span class='ocrx_word' id='word_1_473' title='bbox 683 2583 741 2614; x_wconf 92' lang='lat' dir='ltr'>pro</span> <span class='ocrx_word' id='word_1_474' title='bbox 765 2583 841 2603; x_wconf 85' lang='lat' dir='ltr'>vera</span> <span class='ocrx_word' id='word_1_475' title='bbox 865 2572 1002 2603; x_wconf 86' lang='lat' dir='ltr'>lectione</span> <span class='ocrx_word' id='word_1_476' title='bbox 1026 2572 1192 2602; x_wconf 74' lang='lat' dir='ltr'>hiemticos</span> <span class='ocrx_word' id='word_1_477' title='bbox 1211 2570 1255 2601; x_wconf 75' lang='lat'><em>02</em></span> <span class='ocrx_word' id='word_1_478' title='bbox 1278 2570 1378 2602; x_wconf 88' lang='lat' dir='ltr'>habet</span> <span class='ocrx_word' id='word_1_479' title='bbox 1400 2569 1576 2605; x_wconf 63' lang='lat' dir='ltr'>ihm-eticos,</span> <span class='ocrx_word' id='word_1_480' title='bbox 1603 2568 1649 2599; x_wconf 83' lang='lat'><em>0³</em></span> <span class='ocrx_word' id='word_1_481' title='bbox 1678 2568 1712 2598; x_wconf 74' lang='lat' dir='ltr'>in</span> <span class='ocrx_word' id='word_1_482' title='bbox 1743 2566 1891 2597; x_wconf 78' lang='lat' dir='ltr'>hereticos</span> <span class='ocrx_word' id='word_1_483' title='bbox 1919 2575 2048 2606; x_wconf 89' lang='lat' dir='ltr'>corrup-</span> 
     </span>
     <span class='ocr_line' id='line_1_49' title="bbox 403 2616 2050 2665; baseline -0.005 -10"><span class='ocrx_word' id='word_1_484' title='bbox 403 2625 467 2655; x_wconf 82' lang='lat' dir='ltr'>tela</span> <span class='ocrx_word' id='word_1_485' title='bbox 491 2628 615 2654; x_wconf 78' lang='lat' dir='ltr'>aucta).</span> <span class='ocrx_word' id='word_1_486' title='bbox 650 2625 838 2665; x_wconf 83' lang='lat' dir='ltr'>plerumque</span> <span class='ocrx_word' id='word_1_487' title='bbox 868 2624 898 2654; x_wconf 89' lang='lat' dir='ltr'>in</span> <span class='ocrx_word' id='word_1_488' title='bbox 924 2627 1047 2665; x_wconf 85' lang='lat' dir='ltr'>partem</span> <span class='ocrx_word' id='word_1_489' title='bbox 1073 2623 1266 2654; x_wconf 88' lang='lat' dir='ltr'>deteriorem</span> <span class='ocrx_word' id='word_1_490' title='bbox 1290 2622 1330 2653; x_wconf 88' lang='lat' dir='ltr'>ab</span> <span class='ocrx_word' id='word_1_491' title='bbox 1356 2632 1395 2653; x_wconf 91' lang='lat' dir='ltr'>co</span> <span class='ocrx_word' id='word_1_492' title='bbox 1420 2620 1551 2652; x_wconf 88' lang='lat' dir='ltr'>recedat</span> <span class='ocrx_word' id='word_1_493' title='bbox 1576 2623 1609 2651; x_wconf 90' lang='lat' dir='ltr'>et</span> <span class='ocrx_word' id='word_1_494' title='bbox 1632 2620 1699 2650; x_wconf 87' lang='lat' dir='ltr'>eius</span> <span class='ocrx_word' id='word_1_495' title='bbox 1723 2618 1857 2660; x_wconf 88' lang='lat' dir='ltr'>propriis</span> <span class='ocrx_word' id='word_1_496' title='bbox 1880 2616 2050 2648; x_wconf 90' lang='lat' dir='ltr'>virtutibus</span> 
     </span>
     <span class='ocr_line' id='line_1_50' title="bbox 405 2667 2049 2717; baseline -0.004 -12"><span class='ocrx_word' id='word_1_497' title='bbox 405 2676 521 2717; x_wconf 75' lang='lat' dir='ltr'>passim</span> <span class='ocrx_word' id='word_1_498' title='bbox 547 2680 664 2706; x_wconf 80' lang='lat' dir='ltr'>carcat.</span> <span class='ocrx_word' id='word_1_499' title='bbox 689 2675 729 2705; x_wconf 81' lang='lat' dir='ltr'>ab</span> <span class='ocrx_word' id='word_1_500' title='bbox 755 2676 855 2706; x_wconf 83' lang='lat' dir='ltr'>altera</span> <span class='ocrx_word' id='word_1_501' title='bbox 881 2679 971 2717; x_wconf 86' lang='lat' dir='ltr'>parte</span> <span class='ocrx_word' id='word_1_502' title='bbox 988 2676 1083 2717; x_wconf 88' lang='lat' dir='ltr'>plane</span> <span class='ocrx_word' id='word_1_503' title='bbox 1100 2674 1296 2717; x_wconf 88' lang='lat' dir='ltr'>respondeat</span> <span class='ocrx_word' id='word_1_504' title='bbox 1319 2677 1427 2705; x_wconf 88' lang='lat' dir='ltr'>nostro</span> <span class='ocrx_word' id='word_1_505' title='bbox 1446 2673 1494 2704; x_wconf 73' lang='lat'>15³</span> <span class='ocrx_word' id='word_1_506' title='bbox 1511 2672 1554 2713; x_wconf 85' lang='lat' dir='ltr'>(v.</span> <span class='ocrx_word' id='word_1_507' title='bbox 1573 2671 1676 2714; x_wconf 85' lang='lat' dir='ltr'>spatia</span> <span class='ocrx_word' id='word_1_508' title='bbox 1700 2670 1920 2712; x_wconf 84' lang='lat' dir='ltr'>episcoporum</span> <span class='ocrx_word' id='word_1_509' title='bbox 1941 2667 2049 2699; x_wconf 85' lang='lat' dir='ltr'><strong>XXX.</strong></span> 
     </span>
     <span class='ocr_line' id='line_1_51' title="bbox 403 2720 2048 2766; baseline -0.004 -9"><span class='ocrx_word' id='word_1_510' title='bbox 403 2727 489 2757; x_wconf 80' lang='lat' dir='ltr'>XLI.</span> <span class='ocrx_word' id='word_1_511' title='bbox 519 2726 623 2757; x_wconf 75' lang='lat' dir='ltr'>LXII.</span> <span class='ocrx_word' id='word_1_512' title='bbox 652 2726 771 2757; x_wconf 69' lang='lat' dir='ltr'>LXYI.</span> <span class='ocrx_word' id='word_1_513' title='bbox 803 2726 937 2757; x_wconf 71' lang='lat' dir='ltr'><strong>LXXV.</strong></span> <span class='ocrx_word' id='word_1_514' title='bbox 966 2726 1151 2765; x_wconf 68' lang='lat' dir='ltr'>LXXVII).</span> <span class='ocrx_word' id='word_1_515' title='bbox 1206 2725 1339 2757; x_wconf 87' lang='lat' dir='ltr'>Errores</span> <span class='ocrx_word' id='word_1_516' title='bbox 1369 2734 1474 2766; x_wconf 88' lang='lat' dir='ltr'>neque</span> <span class='ocrx_word' id='word_1_517' title='bbox 1505 2734 1575 2755; x_wconf 88' lang='lat' dir='ltr'>eum</span> <span class='ocrx_word' id='word_1_518' title='bbox 1596 2723 1639 2754; x_wconf 77' lang='lat'><em>0³</em></span> <span class='ocrx_word' id='word_1_519' title='bbox 1667 2731 1772 2763; x_wconf 89' lang='lat' dir='ltr'>neque</span> <span class='ocrx_word' id='word_1_520' title='bbox 1804 2730 1875 2752; x_wconf 88' lang='lat' dir='ltr'>cum</span> <span class='ocrx_word' id='word_1_521' title='bbox 1890 2720 1939 2751; x_wconf 73' lang='lat'>13³</span> <span class='ocrx_word' id='word_1_522' title='bbox 1963 2730 2048 2751; x_wconf 88' lang='lat' dir='ltr'>com-</span> 
     </span>
     <span class='ocr_line' id='line_1_52' title="bbox 404 2773 2049 2819; baseline -0.005 -10"><span class='ocrx_word' id='word_1_523' title='bbox 404 2789 515 2809; x_wconf 83' lang='lat' dir='ltr'>munes</span> <span class='ocrx_word' id='word_1_524' title='bbox 539 2778 620 2808; x_wconf 82' lang='lat' dir='ltr'>liber</span> <span class='ocrx_word' id='word_1_525' title='bbox 644 2778 742 2808; x_wconf 77' lang='lat' dir='ltr'>habet</span> <span class='ocrx_word' id='word_1_526' title='bbox 765 2778 795 2808; x_wconf 90' lang='lat' dir='ltr'>in</span> <span class='ocrx_word' id='word_1_527' title='bbox 819 2782 911 2819; x_wconf 85' lang='lat' dir='ltr'>parte</span> <span class='ocrx_word' id='word_1_528' title='bbox 935 2779 1113 2819; x_wconf 86' lang='lat' dir='ltr'>posteriore</span> <span class='ocrx_word' id='word_1_529' title='bbox 1137 2788 1200 2808; x_wconf 91' lang='lat' dir='ltr'>non</span> <span class='ocrx_word' id='word_1_530' title='bbox 1224 2787 1343 2819; x_wconf 87' lang='lat' dir='ltr'>paucos</span> <span class='ocrx_word' id='word_1_531' title='bbox 1366 2776 1539 2807; x_wconf 87' lang='lat' dir='ltr'>redeuntes</span> <span class='ocrx_word' id='word_1_532' title='bbox 1562 2775 1593 2805; x_wconf 91' lang='lat' dir='ltr'>in</span> <span class='ocrx_word' id='word_1_533' title='bbox 1614 2773 1667 2813; x_wconf 81' lang='lat'>01,</span> <span class='ocrx_word' id='word_1_534' title='bbox 1692 2773 1732 2804; x_wconf 92' lang='lat' dir='ltr'>de</span> <span class='ocrx_word' id='word_1_535' title='bbox 1756 2782 1818 2815; x_wconf 91' lang='lat' dir='ltr'>quo</span> <span class='ocrx_word' id='word_1_536' title='bbox 1834 2782 1910 2803; x_wconf 87' lang='lat' dir='ltr'>mox</span> <span class='ocrx_word' id='word_1_537' title='bbox 1926 2774 2049 2814; x_wconf 68' lang='lat' dir='ltr'>agetur,</span> 
     </span>
     <span class='ocr_line' id='line_1_53' title="bbox 406 2828 1246 2869; baseline -0.002 -9"><span class='ocrx_word' id='word_1_538' title='bbox 406 2830 462 2860; x_wconf 79' lang='lat' dir='ltr'>sed</span> <span class='ocrx_word' id='word_1_539' title='bbox 487 2831 517 2860; x_wconf 88' lang='lat' dir='ltr'>in</span> <span class='ocrx_word' id='word_1_540' title='bbox 543 2830 798 2869; x_wconf 65' lang='lat' dir='ltr'>Guelferbytano</span> <span class='ocrx_word' id='word_1_541' title='bbox 824 2829 1022 2869; x_wconf 54' lang='lat' dir='ltr'>emendatos²</span> <span class='ocrx_word' id='word_1_542' title='bbox 1047 2832 1082 2860; x_wconf 91' lang='lat' dir='ltr'>ut</span> <span class='ocrx_word' id='word_1_543' title='bbox 1105 2832 1177 2859; x_wconf 88' lang='lat' dir='ltr'>sunt</span> <span class='ocrx_word' id='word_1_544' title='bbox 1200 2828 1246 2859; x_wconf 90' lang='lat' dir='ltr'>hi:</span> 
     </span>
    </p>
   </div>
  </div>
 </body>
</html>
