2245 3213
416 226 477 255 ’260
1132 215 1208 242 ΕΡΙ
1214 214 1351 241 ΤΟΜΑΕ

706 305 763 331 ΓΕ
764 304 787 330 L
791 303 929 330 ICIANA

419 368 465 392 cst
513 360 684 401 episcopus
728 358 864 388 civitatis
902 359 1032 386 nostrae
1072 354 1216 392 Acatius,

419 413 598 444 nullatcnus
628 411 782 441 sentimus
813 408 890 439 sede
920 407 1127 449 apostolicae.
1176 406 1217 437 Et

418 466 501 495 facto
534 462 665 494 concilio
695 461 787 492 simul
818 471 889 491 cum
917 459 1039 490 Iustino
1071 458 1154 500 Aug.
1185 459 1216 488 in

418 523 592 556 conspectu
621 514 761 544 omnium
791 512 985 549 inlustrium,
1019 514 1093 541 tunc
1117 510 1217 551 legati

418 567 503 597 sedis
540 565 738 607 apostolicae
772 565 939 605 elegerunt
963 573 1005 594 ex
1028 563 1093 593 suis
1121 562 1215 592 Dios-

419 628 527 649 corum
559 617 728 648 diaconum
759 615 801 646 ad
824 614 1024 646 reddendam
1048 614 1215 645 rationem.

419 670 480 706 Qui
503 671 544 700 ita
565 669 715 710 exposuit
732 669 777 698 eis
795 667 904 709 culpas
921 667 1037 705 Acatii,
1061 669 1096 696 ut
1121 666 1217 696 etiam

420 732 531 753 omnes
562 721 655 751 simul
689 730 760 751 cum
789 719 911 749 Iustino
945 718 1029 759 Aug.
1055 717 1216 748 adclama-

419 780 490 804 rent
507 773 666 803 dicentes:
691 771 733 802 Et
757 771 807 801 hic
832 774 864 801 et
887 771 919 800 in
944 775 1108 800 aeternum
1128 769 1217 800 dam-

420 830 513 856 netur
557 824 700 855 Acatius.
771 821 896 853 Eodem
935 825 1081 863 tempore
1127 821 1218 851 iussit

418 877 557 907 Iustinus
575 877 660 916 Aug.
678 877 813 916 accepta
837 874 983 912 veritate,
1008 876 1043 904 ut
1067 873 1134 903 sine
1159 873 1216 903 ali-

420 939 482 970 qua
512 928 663 959 dilatione
694 927 838 957 facerent
868 925 978 955 libello
1011 935 1121 955 omnes
1150 924 1217 966 epi-

420 980 509 1021 scopi
533 980 585 1020 qui
610 979 641 1009 in
664 988 764 1019 regno
782 977 895 1008 Iustini
919 979 1011 1007 erant
1035 979 1068 1007 et
1084 975 1220 1007 redeant

419 1032 460 1062 ad
487 1031 744 1062 communionem
776 1028 861 1059 sedis
889 1028 1102 1070 apostolicae,
1135 1027 1219 1069 quod

421 1084 516 1114 etiam
541 1083 661 1114 factum
687 1085 743 1112 est.
803 1081 844 1112 Et
876 1079 1152 1111 concordaverunt
1179 1079 1219 1110 ab

421 1136 553 1166 Oriente
586 1144 688 1175 usque
724 1132 764 1163 ad
801 1132 978 1163 Occidente
1015 1134 1047 1162 et
1082 1131 1220 1162 cucurrit

420 1197 485 1228 pax
521 1186 687 1217 eeclesiae.
750 1184 812 1220 Qui
847 1187 955 1214 textus
987 1183 1089 1214 libelli
1122 1183 1219 1214 hodie

421 1239 526 1269 arcivo
563 1237 719 1268 ecclesiae
750 1235 933 1267 reconditus
965 1238 1103 1266 tenetur.
1157 1234 1219 1265 Hic

420 1290 540 1320 invenit
574 1289 779 1327 Manicheos,
819 1298 899 1329 quos
937 1287 1034 1317 etiam
1073 1286 1220 1317 discussit

421 1342 478 1372 sub
516 1341 665 1372 examina
700 1341 885 1382 plagarum:
921 1349 1055 1381 quorum
1092 1338 1219 1369 codices

420 1392 567 1423 incendio
607 1392 802 1433 consumpsit
840 1394 914 1422 ante
953 1391 1029 1422 foris
1066 1390 1219 1421 basilicae

422 1444 685 1475 Constantiniani.
722 1443 825 1474 Huius
839 1443 1038 1485 temporibus
1052 1443 1219 1484 episcopa-

422 1501 472 1527 tus
488 1496 615 1526 Africae
630 1495 832 1526 reordinatur
847 1498 920 1536 post
936 1504 1035 1524 annos
1046 1492 1221 1531 LXXIIII,

424 1548 508 1590 quod
541 1549 581 1579 ab
618 1548 768 1578 hereticis
801 1546 929 1577 fuerant
964 1546 1169 1577 exterminati
1204 1555 1223 1575 a

424 1605 570 1642 tempore
600 1599 867 1641 persequutionis.
920 1597 1046 1628 Eodem
1077 1601 1223 1638 tempore

425 1652 511 1682 venit
547 1662 665 1682 corona
701 1661 798 1681 aurea
833 1660 905 1681 cum
934 1649 1069 1690 gemmis
1097 1649 1221 1690 precio-

425 1704 555 1734 sissimis
580 1703 698 1733 donum
722 1713 740 1732 a
764 1712 842 1743 rege
865 1701 1072 1732 Francorum.

427 1764 488 1794 Ilic
515 1764 589 1794 fecit
607 1763 824 1794 ordinationes
841 1761 1037 1804 presbiteros
1055 1761 1225 1802 episcopos

426 1826 483 1856 per
495 1816 575 1845 loca.
615 1815 766 1856 Sepultus
784 1818 833 1845 est
846 1813 932 1855 apud
945 1813 1076 1844 beatum
1095 1813 1224 1843 Petrum

426 1867 489 1897 VII
514 1867 554 1897 id.
581 1867 664 1907 Aug.

427 1986 572 2017 Cessavit
597 1987 801 2027 episcopatus
825 1985 893 2016 dies
910 1985 967 2016 W.

471 2057 517 2076 ιν.
543 2046 712 2077 [(»ΗΛκλ-ες.
744 2047 873 2076 natione
899 2045 1037 2084 Tuscus,
1070 2055 1111 2075 ex
1135 2049 1225 2086 patre

429 2097 634 2131 Constantio.
665 2097 747 2128 sedit
771 2108 842 2128 ann.
859 2097 892 2128 II
928 2108 1027 2128 mens.
1045 2096 1127 2127 VIII
1157 2095 1227 2126 dies

428 2150 500 2181 XV.
527 2161 544 2180 a
569 2150 733 2180 consulatu
758 2149 892 2179 Maximi
921 2159 1022 2190 usque
1047 2148 1088 2178 ad
1112 2158 1224 2178 consu-

428 2202 527 2232 latum
553 2201 663 2232 Olibri.

428 2262 489 2292 Hic
513 2266 646 2292 vocatur
676 2272 693 2292 a
723 2272 800 2302 rege
825 2260 1028 2291 Theodorico
1053 2259 1226 2290 Ravenna:

430 2324 522 2354 quem

429 2384 485 2404 rex
511 2384 627 2414 rogans
650 2374 735 2404 misit
759 2374 788 2404 in
813 2373 976 2414 legatione

429 2433 737 2475 Constantinopolim

430 2494 469 2524 ad
496 2494 615 2525 Iustino
641 2494 724 2535 Aug.

430 2556 475 2585 vir
499 2556 677 2596 religiosus,

430 2616 481 2656 qui
507 2626 628 2646 sunnno
654 2624 762 2644 amore
780 2613 943 2654 religionis
960 2612 1150 2643 christianae
1169 2622 1224 2641 vo-

430 2668 487 2696 luit
511 2667 669 2697 hereticus
695 2666 864 2696 extrivare.

432 2727 511 2757 Nam
536 2737 658 2756 summo
684 2726 808 2756 fervore
840 2725 992 2755 ecclesias
1016 2723 1226 2754 Arrianorum

431 2779 459 2808 in
486 2778 644 2808 catholica
669 2776 837 2807 dedicavit.

433 2836 556 2867 Exinde
582 2838 679 2867 iratus

1530 296 1532 298 ’
1556 296 1787 324 GONONIANA

1278 1759 1371 1790 Fecit
1410 1759 1626 1790 ordinationes
1668 1758 1864 1799 presbiteros
1908 1758 2076 1800 episcopos

1279 1822 1337 1853 per
1362 1811 1487 1842 diversa
1510 1811 1591 1841 loca.
1646 1809 1708 1845 Qui
1739 1809 1835 1839 etiam
1860 1810 2003 1851 sepultus
2028 1813 2077 1840 est

1279 1863 1366 1905 apud
1388 1863 1519 1894 beatum
1544 1861 1676 1892 Petrum
1699 1860 1781 1891 VIII
1804 1860 1845 1891 id.
1870 1860 1954 1902 Aug.

1280 1924 1445 1955 consulatu
1469 1921 1602 1953 Maximi
1625 1921 1688 1952 iun.

1280 1984 1321 2015 Et
1345 1983 1482 2015 cessavit
1506 1982 1710 2023 episcopatus
1735 1980 1803 2011 dies
1822 1980 1877 2011 VI.

1324 2055 1371 2075 [Ν.
1396 2044 1564 2082 IoquxEs,
1591 2042 1721 2072 natione
1751 2040 1889 2080 Tuscus,
1921 2052 1963 2072 ex
1986 2045 2076 2083 patre

1282 2095 1486 2133 Constantio,
1525 2093 1608 2125 sedit
1647 2104 1697 2125 an.
1721 2093 1754 2123 Π
1787 2093 1970 2124 mensVII
2009 2093 2077 2124 dies

1281 2147 1353 2186 XV,
1378 2158 1396 2177 a
1421 2146 1588 2177 consulatu
1611 2144 1744 2175 Maximi
1773 2154 1874 2186 usque
1899 2144 1940 2175 ad
1965 2155 2077 2176 consu-

1281 2199 1380 2229 latum
1406 2197 1507 2229 Olibri
1533 2198 1595 2227 iun.

1282 2258 1376 2289 Hunc
1399 2257 1618 2288 Theodericus

1282 2380 1339 2401 rex
1364 2379 1481 2410 rogans
1505 2369 1590 2400 misit
1612 2369 1644 2399 in
1666 2368 1862 2409 legationem

1283 2490 1324 2521 ad
1348 2490 1505 2520 Iustinum
1529 2489 1768 2530 imperatorem,

1282 2611 1356 2652 quia
1368 2610 1505 2641 Iustinus
1519 2619 1641 2640 summo
1656 2618 1765 2639 amore
1778 2607 1941 2648 religionis
1955 2606 2078 2637 christi-

1282 2673 1362 2693 anae
1387 2662 1486 2693 voluit
1510 2660 1670 2691 hereticos
1693 2658 1839 2701 perdere,

1283 2837 1315 2864 et
1340 2832 1457 2864 exinde
1482 2833 1581 2864 iratus
