2245 3213
874 194 1156 222 PROLEGOMENA.
1760 190 1834 216 XXV

189 287 370 318 Pontificali
400 297 482 328 quae
513 288 674 327 spectant,
704 294 768 314 non
797 284 898 314 solum
928 282 1075 313 fabulosa
1104 284 1176 312 sunt
1206 284 1238 312 et
1266 280 1384 322 passim
1409 280 1492 310 inter
1523 289 1556 309 se
1582 278 1753 313 contraria,
1780 276 1836 307 scd

191 339 287 370 etiam
319 339 415 369 exilia
451 341 483 369 et
512 338 594 368 iusto
628 339 817 377 argumento
846 335 913 365 fere
943 334 1104 365 destituta.
1135 353 1173 355 —
1208 332 1435 364 Ordinationes
1460 331 1646 361 clericorum
1672 329 1836 369 dignitatis

190 391 332 429 maioris,
366 401 437 421 cum
465 389 724 431 presbyterorum
754 391 785 417 et
814 386 1019 417 diaconorum
1049 386 1136 416 urbis
1160 385 1284 415 Romae
1314 388 1380 414 tum
1413 386 1505 414 extra
1529 382 1640 412 urbem
1666 391 1723 422 per
1747 380 1836 410 dioe-

190 442 287 473 cesim
310 441 465 472 urbanam
490 441 555 479 vel,
586 444 620 471 ut
649 442 760 470 auctor
782 442 891 469 noster
915 439 973 474 ait,
996 448 1056 476 per
1079 437 1202 467 ‹Ziversa
1226 435 1306 473 loca,
1337 435 1576 476 episcoporum,
1602 432 1674 462 inde
1701 432 1740 462 ab
1766 433 1835 473 ipso

190 494 286 524 Petro
318 503 376 534 per
406 493 548 534 singulos
582 492 751 533 episcopos
784 490 930 532 proxime
966 492 1040 519 ante
1072 492 1211 519 mortem
1249 491 1281 518 et
1315 487 1512 528 sepulturam
1546 486 1589 515 ita
1624 484 1835 517 enuntiantur,

190 550 224 576 ut
259 555 329 575 eam
365 544 604 575 adnotationem
639 545 795 584 appareat
829 541 870 572 ad
903 542 1037 571 formam
1072 540 1261 581 pertinuisse
1293 539 1333 569 ab
1366 542 1495 569 auctore
1528 537 1715 567 stabilitam:
1753 535 1837 576 quod

191 596 406 627 ordinationes
437 597 469 627 in
500 594 689 637 quibusdam
718 594 788 624 vitis
817 593 957 623 maxime
992 592 1023 622 in
1059 591 1245 622 recensione
1280 591 1384 632 priore
1422 593 1454 620 et
1488 590 1517 619 in
1554 587 1714 619 secundae
1750 587 1838 617 libris

191 648 318 689 optimis
347 648 525 689 quibusque
554 658 617 678 non
641 657 697 677 suo
728 647 798 676 loco
828 645 985 685 leguntur,
1019 642 1156 673 redeunt
1185 641 1298 672 turbae
1329 652 1403 674 eae.
1434 644 1469 671 ut
1493 641 1704 682 explicabitur
1735 639 1838 680 capite

191 700 342 741 septimo,
374 699 415 730 ad
441 700 578 740 primum
612 698 752 740 corporis
781 700 944 727 auctorem
974 695 1088 725 inscite
1120 698 1152 724 et
1184 694 1341 724 incuriose
1366 693 1466 723 ludici
1491 693 1620 733 antiqno
1645 693 1839 722 inserentem

191 752 372 792 catalogum
396 751 614 782 Liberianum.
660 750 742 780 Eum
773 749 857 779 enim
882 758 952 778 cum
978 746 1220 777 fundamentum
1250 745 1310 775 sibi
1334 748 1489 781 sumeret,
1520 745 1551 774 in
1576 754 1614 774 eo
1639 754 1701 773 non
1729 753 1838 783 reper-

192 807 240 834 tas
268 803 484 833 ordinationes
514 813 572 844 per
600 802 760 842 margines
789 800 916 831 videtur
946 798 1117 836 adiecisse,
1146 797 1266 828 librarii
1290 800 1399 827 autem
1431 796 1626 838 posteriores
1656 795 1692 825 iis
1723 793 1839 824 deinde

192 856 278 886 locos
303 854 520 896 adsignavisse
546 854 704 891 diversos,
738 863 801 883 non
826 862 896 882 raro
923 851 1020 881 etiam
1045 850 1076 880 in
1100 849 1148 880 his
1173 859 1228 879 suo
1255 848 1386 879 arbitrio
1419 848 1476 878 usi.
1524 848 1637 878 Partes
1662 847 1693 876 in
1718 846 1840 876 clericis

193 906 375 937 ordinandis
405 907 485 937 ullas
518 907 614 937 fuisse
650 905 759 947 populi
792 904 930 946 ipsiusve
961 902 1036 933 cleri
1065 907 1176 932 auctor
1203 903 1313 931 noster
1342 900 1483 941 ignorat,
1517 899 1557 929 ab
1586 899 1655 940 ipso
1685 898 1839 939 principio

193 958 407 989 ordinationes
427 958 570 988 referens
595 958 695 988 factas
719 957 759 987 ab
785 956 946 997 episcope.
973 973 1010 976 -—
1037 953 1263 984 Ordinationes
1287 952 1327 982 ab
1346 953 1497 993 episcopo
1516 951 1662 981 Romano
1686 951 1786 980 factas
1810 949 1841 978 in

193 1011 439 1041 commentarios
462 1010 580 1040 relatas
605 1019 675 1040 esse
701 1012 733 1039 et
756 1018 814 1049 per
837 1018 870 1038 se
895 1006 1066 1038 verisimile
1093 1008 1141 1035 est
1166 1008 1198 1035 et
1224 1003 1402 1034 confirmari
1426 1003 1552 1034 videtur
1568 1001 1674 1032 verbis
1693 1001 1841 1041 Gregorii

192 1063 300 1103 magni
316 1063 347 1092 in
372 1062 508 1103 epistula
532 1059 714 1103 2³‚147[55]
739 1060 856 1101 scripta
880 1070 907 1089 a.
926 1061 986 1088 52⁸¹)
1011 1057 1052 1088 ad
1077 1055 1308 1087 Secundinum:
1341 1055 1377 1085 de
1407 1053 1661 1085 ordinationilms
1686 1079 1692 1083 .
1711 1077 1716 1083 .
1736 1077 1741 1083 .
1766 1063 1840 1090 (rpo-

191 1113 316 1144 stolicae
344 1113 426 1144 sedis
443 1114 631 1152 pontificum
656 1115 761 1142 utrum
779 1114 852 1150 post
876 1110 1085 1141 beatissimum
1111 1108 1316 1139 Hormisdom
1340 1107 1373 1147 (†
1399 1108 1471 1140 5235*
1496 1105 1604 1144 aliquo
1630 1105 1693 1135 siut
1721 1104 1841 1134 addita.

195 1168 294 1196 vestm
321 1165 439 1195 caritas
466 1165 614 1204 νιηῑιῖ)·ἱί;
643 1164 697 1194 scd
724 1174 822 1202 usquc
845 1163 888 1193 ([ιί
911 1161 1019 1201 Visyiliiss
1045 1171 1150 1201 papae
1178 1163 1314 1198 tempora
1340 1159 1537 1198 (5:37fi555i
1571 1157 1729 1195 nuqua-ilus
1761 1156 1842 1185 muli-

192 1217 335 1248 uationes
360 1216 544 1256 2n·a.eszdnm
566 1227 629 1247 esse
652 1218 820 1254 commiscui.
865 1214 979 1255 Neque
1010 1213 1092 1244 enim
1121 1213 1297 1254 perspicio,
1330 1222 1385 1242 eur
1414 1210 1622 1241 ordinationis
1651 1208 1842 1239 vocabulum

193 1268 394 1299 Duchesnius
413 1268 486 1299 (vol.
511 1271 519 1298 l
545 1280 575 1310 p.
592 1267 710 1308 CLIV)
734 1267 785 1298 hie
809 1267 946 1307 accipiat
970 1265 1009 1296 de
1036 1265 1172 1296 decretis
1196 1264 1303 1294 nescio
1322 1263 1436 1304 quibus
1454 1262 1593 1292 admissa
1612 1261 1842 1300 significatione

193 1321 295 1351 minus
325 1322 454 1363 propria
490 1324 522 1352 et
550 1321 671 1352 reiecta
700 1319 854 1350 sollemni.
906 1317 1071 1348 Eiusmodi
1099 1316 1288 1348 laterculum
1323 1318 1434 1346 auctor
1464 1318 1573 1344 noster
1606 1313 1773 1354 qumninus
1803 1322 1843 1341 ex

195 1373 350 1403 ecclesiae
368 1373 488 1404 seriniis
505 1371 728 1414 adsumpserit,
753 1381 815 1401 non
833 1370 934 1400 solum
959 1369 1036 1399 nihil
1060 1368 1176 1407 obstat,
1201 1367 1258 1398 sed
1282 1370 1354 1397 sunt
1378 1377 1460 1408 quae
1486 1366 1682 1396 confirment.
1723 1364 1845 1394 Monuit

194 1424 396 1455 Harnackius
428 1424 661 1455 ordinationum
695 1423 829 1453 formam
859 1421 1063 1459 sollemnem,
1093 1420 1194 1461 qualis
1226 1420 1384 1460 reperitur
1414 1429 1472 1459 per
1502 1418 1582 1448 vitas
1620 1417 1741 1458 priores
1777 1416 1844 1445 sine

195 1475 290 1506 dubio
315 1476 439 1515 ficticia,
462 1476 663 1517 aliquatenus
687 1474 803 1505 mutari
828 1474 867 1504 ab
891 1473 1033 1503 Iohanne
1060 1473 1071 1502 I
1097 1472 1185 1513 (LV)
1210 1482 1310 1513 usque
1336 1471 1377 1501 ad
1402 1470 1571 1501 Silveriuni
1591 1469 1678 1503 (LX‘)
1706 1469 1844 1503 (scilicet

195 1527 345 1558 deficiunt
370 1528 585 1559 ordinationes
616 1527 705 1568 ipsae
730 1526 837 1563 LVII,
870 1525 1050 1566 presbyteri
1082 1528 1114 1554 et
1144 1524 1269 1554 ‹liaconi
1293 1522 1361 1558 LV,
1392 1522 1573 1563 presbyteri
1598 1520 1689 1551 LIX.
1723 1519 1846 1550 diaconi

194 1579 315 1610 LVIII.
340 1579 415 1611 LX:
447 1579 649 1610 nominantur
676 1588 803 1609 menses
834 1578 949 1608 insoliti
982 1577 1071 1613 LVI)
1105 1580 1136 1607 et
1164 1578 1338 1617 propterea
1368 1585 1464 1605 verae
1497 1573 1675 1604 traditionis
1705 1572 1846 1613 speciem

195 1642 271 1672 prae
296 1642 329 1662 se
354 1632 448 1670 ferre,
472 1631 576 1662 redire
601 1634 709 1661 autem
733 1631 868 1660 formam
893 1633 1075 1670 suspectam
1100 1628 1250 1669 aVigilio
1273 1626 1382 1667 ‹LXI›
1411 1626 1451 1656 ad
1477 1625 1643 1665 Pelagium
1671 1624 1699 1653 II
1725 1623 1845 1659 (LXY)

196 1682 343 1723 Gregorii
367 1693 619 1724 praecessorem,
645 1692 763 1723 easque
781 1681 998 1712 ordinationes
1022 1684 1134 1722 postea
1158 1680 1293 1710 insertas
1310 1678 1411 1709 videri
1437 1677 1478 1708 ad
1504 1676 1700 1718 explendum
1725 1675 1844 1705 hiatum

196 1735 339 1765 laterculi
356 1746 374 1765 a
391 1735 547 1775 Gregorio
573 1738 794 1765 memoratum.
833 1734 970 1764 Omnino
988 1732 1204 1763 ordinationes
1229 1731 1415 1762 clericorum
1440 1731 1561 1771 priores
1580 1729 1639 1759 etsi
1658 1739 1718 1758 non
1744 1727 1847 1757 minus

196 1786 383 1817 subditiciae
416 1786 585 1817 habendae
615 1790 686 1816 sunt
714 1796 809 1827 quani
840 1796 922 1826 quac
953 1784 992 1815 de
1023 1784 1236 1825 antiquiorum
1266 1786 1447 1824 temporum
1487 1781 1646 1822 episcopis
1675 1783 1846 1821 praetcrea

196 1842 372 1876 narrantur,
398 1842 504 1869 tamen
529 1842 653 1880 partem
677 1839 888 1880 posteriorem
913 1848 967 1867 cur
990 1837 1020 1867 in
1045 1836 1176 1867 dubium
1200 1845 1361 1866 vocemus.
1388 1845 1483 1865 cansa
1509 1834 1594 1863 nulla
1620 1836 1677 1862 cst.
1725 1830 1789 1861 Sed
1814 1834 1848 1860 ut

196 1900 273 1920 vera
297 1890 357 1920 sint
386 1901 467 1931 quae
492 1890 667 1923 traduntur,
691 1890 862 1920 utilitatem
887 1889 1006 1919 nullam
1032 1888 1160 1918 habent.
1208 1887 1259 1917 Ex
1282 1886 1422 1916 numeris
1456 1885 1552 1915 trium
1578 1883 1739 1919 ordinum,
1769 1893 1847 1923 quos

197 1941 281 1972 solos
309 1946 419 1972 auctor
448 1942 605 1980 enuntiat,
636 1952 699 1972 non
733 1941 904 1972 enuntiatis
938 1940 1118 1970 nominibus
1151 1948 1255 1980 neque
1286 1937 1409 1968 sedium
1441 1936 1670 1977 episcopalium
1703 1935 1847 1975 exceptis

199 1992 322 2024 duabus
338 1993 523 2024 Fundorum
541 1993 736 2035 Campaniae
755 1994 854 2034 (2ss,10
876 1993 904 2023 in
923 1993 989 2023 sola
1007 1992 1057 2023 ed.
1076 1990 1195 2033 priore)
1214 1998 1246 2021 et
1262 1989 1411 2021 Corsicae
1429 1989 1551 2019 insulae
1570 1989 1653 2027 t221,
1668 1988 1702 2023 s),
1720 1987 1847 2016 nomine

197 2048 304 2075 autem
330 2045 491 2076 hominum
516 2046 612 2081 nullo,
636 2045 709 2076 inde
734 2056 773 2075 nc
794 2045 854 2075 hoc
873 2044 1001 2086 quidem
1019 2044 1151 2085 colligas
1176 2043 1233 2073 sub
1251 2052 1336 2084 papa
1353 2041 1392 2072 de
1411 2052 1472 2082 quo
1499 2040 1604 2081 agitur
1622 2044 1667 2069 tot
1686 2039 1848 2079 episcopia

198 2096 294 2127 fuisse
320 2100 397 2138 quot-
425 2097 543 2128 ereavit
568 2097 752 2138 episcopos:
784 2096 887 2138 potuit
918 2097 1001 2126 enini
1030 2096 1087 2126 sub
1113 2095 1229 2126 eodem
1253 2093 1500 2134 metropolitano
1528 2091 1643 2121 eadem
1668 2090 1760 2120 sedes
1778 2090 1848 2130 plus

199 2148 298 2178 semel
326 2159 449 2180 vacare.
495 2148 720 2179 Ordinationes
752 2148 836 2189 ipsas
864 2158 922 2188 per
952 2148 1123 2188 plerosque
1152 2146 1319 2188 pontifices
1349 2144 1591 2185 (exceptionem
1620 2142 1738 2172 faciunt
1762 2141 1845 2171 Hor-

199 2199 317 2231 misdas
340 2202 443 2239 131,25
468 2204 500 2231 et
516 2200 676 2231 Iohannes
693 2200 708 2230 Ι
738 2202 855 2239 137,·.)4)
879 2200 923 2230 ita
940 2199 1110 2237 numerari,
1134 2202 1169 2229 ut
1192 2197 1315 2228 numeri
1337 2196 1571 2227 ordinationum
1597 2195 1692 2234 longe
1717 2194 1846 2224 inferio-

199 2263 251 2283 res
274 2253 334 2282 sint
357 2263 488 2283 numero
514 2262 666 2282 annorum
692 2251 834 2292 episcopi
858 2251 935 2290 eius,
960 2251 1100 2292 exempli
1125 2260 1221 2281 causa
1239 2249 1402 2287 Silvester,
1429 2248 1481 2289 qui
1500 2247 1583 2277 sedit
1603 2256 1702 2276 annos
1720 2245 1847 2281 XXIII,

200 2304 383 2335 sacerdotes
409 2304 604 2335 ordinavisse
627 2303 740 2334 dicitur
756 2303 876 2341 LVIII,
902 2303 1135 2334 ordinationem
1160 2302 1331 2333 celebrarit
1355 2301 1460 2331 sexies
1486 2302 1619 2330 tantum,
1644 2298 1757 2327 mirum
1782 2301 1846 2328 est:

200 2366 305 2397 neque
331 2356 413 2386 enim
440 2366 535 2386 causa
558 2356 623 2386 ulla
646 2355 854 2396 intellegitur,
879 2365 934 2385 eur
958 2355 1019 2385 loci
1043 2354 1188 2396 plerique
1206 2364 1264 2395 per
1281 2353 1416 2383 multum
1435 2356 1562 2392 tempus
1580 2349 1730 2379 vacarint.
1776 2348 1848 2378 Non

200 2408 303 2438 minus
327 2407 469 2447 offendit,
495 2407 581 2449 quod
605 2407 821 2438 ordinationes
846 2407 1020 2448 pleraeque
1046 2406 1150 2436 factae
1170 2405 1317 2436 dicuntur
1334 2414 1443 2435 mense
1465 2402 1636 2433 Decembri
1651 2402 1688 2435 ¹):
1715 2400 1745 2431 id
1763 2400 1847 2442 qnod

200 2470 304 2500 neque
330 2470 400 2490 eum
425 2458 623 2500 quorundam
647 2459 871 2500 episcoporum
894 2458 1004 2499 spatiis
1028 2462 1114 2488 reete
1137 2458 1323 2488 conciliatur
1347 2455 1566 2496 (Blanchinius
1584 2453 1624 2483 ad
1643 2453 1847 2482 Anastasium

200 2511 259 2541 vol.
278 2514 294 2541 3
320 2522 349 2552 p.
375 2512 443 2542 178:
476 2510 648 2541 Duehesne
673 2510 734 2540 vol.
756 2512 765 2539 l
794 2520 823 2551 p.
842 2509 959 2549 CLIV)
990 2515 1021 2539 et
1046 2509 1197 2539 abhorret
1221 2519 1240 2539 a
1264 2506 1494 2539 consuetudine
1520 2516 1581 2535 non
1607 2505 1708 2535 solum
1733 2504 1848 2533 aetatis

202 2563 396 2604 posterioris,
421 2562 478 2593 sed
501 2562 641 2603 ipsorum
667 2572 793 2603 quoque
819 2565 999 2602 temporum
1023 2561 1053 2590 in
1078 2560 1258 2591 Pontifieali
1282 2563 1499 2590 tractatorum.
1539 2557 1686 2587 Gelasius
1709 2560 1794 2586 certe
1818 2556 1847 2585 in

308 2701 327 2731 ¹)
341 2702 437 2726 Mensis
450 2702 590 2726 December
609 2701 634 2724 in
654 2700 734 2732 prima
753 2704 823 2731 parte
842 2699 911 2723 solus
930 2699 1066 2725 iuvenitur.
1089 2703 1174 2731 postea
1192 2706 1267 2730 saepe
1284 2706 1365 2729 usque
1383 2697 1415 2720 ad
1429 2696 1585 2720 Adeodamm
1599 2695 1668 2721 (1201.
1679 2696 1713 2722 fii:
1733 2696 1849 2724 adiungi>

203 2748 245 2768 tur
262 2745 284 2768 ei
299 2745 452 2769 Februarius
474 2744 529 2774 113,
542 2751 560 2768 s.
583 2743 680 2770 11122.
702 2743 756 2768 125,
771 2750 801 2768 11.
833 2743 1029 2767 substituuntur
1043 2743 1197 2766 Februarius
1216 2746 1240 2766 et
1252 2741 1360 2766 Martius
1376 2740 1430 2769 1313,
1444 2746 1479 2764 11:
1499 2740 1694 2771 quadragesima
1713 2745 1737 2763 et
1757 2740 1849 2763 mensi<

204 2788 325 2819 septimus
345 2787 386 2817 (al.
400 2787 556 2819 September)
572 2787 628 2818 102,
643 2795 676 2813 12:
698 2787 785 2810 lunius
800 2786 858 2815 202,
871 2793 887 2815 ις
907 2786 1015 2810 Martius
1027 2786 1115 2813 221th
1152 2786 1249 2810 Passim
1268 2784 1360 2809 mensis
1380 2792 1429 2807 non
1449 2783 1606 2813 enuntiatur,
1626 2783 1733 2806 maxime
1752 2782 1850 2806 invitis

204 2831 393 2862 posterioribus.

306 2889 379 2906 LIBER
398 2889 568 2906 PONTIFICALIS
587 2889 601 2906 1.
1630 2877 1644 2900 ι]
